3167 5242
157 437 248 502 Te
294 434 486 501 decet
530 432 895 507 seeunditas
1513 429 1703 497 Ades
1748 449 1913 514 ergo
1955 430 2210 496 miseris

237 537 610 621 virginalis,
1323 535 1408 599 50
1604 538 2004 621 supplicibus

160 642 460 708 luminum
498 639 810 723 festivitas
1516 646 1583 705 et
1628 641 1834 705 nostri
1876 640 2276 724 memineris,
2683 642 2782 707 w

240 741 585 826 spiritali83
1601 748 1674 806 ut
1716 742 2021 824 precibus
2755 760 2760 773 ·

158 864 311 911 cera
356 850 458 908 est
501 842 844 925 virginitas
1516 862 1639 909 nos
1686 844 2050 928 conjungas
2095 844 2351 929 superis

239 946 599 1030 parentalis
621 993 640 1028 ,
1603 947 1960 1030 spiritibuS,

156 1049 351 1114 linum
397 1055 498 1112 est
539 1047 865 1112 humilitas
1324 1049 1406 1110 55
1514 1067 1644 1133 quo
1690 1049 1968 1133 praelata
2012 1049 2249 1115 ceteris

244 1152 460 1217 filialis
475 1200 494 1234 ,
1601 1153 1973 1218 coelestibus
2684 1155 2770 1219 65

158 1257 324 1340 ignis
370 1263 471 1321 est
515 1255 834 1319 divinitas.
1511 1255 1725 1321 fructu
1771 1264 1882 1320 tuo
1927 1256 2180 1320 frueriS.

159 1393 213 1459 Ο
256 1395 550 1479 gloriosa
594 1403 715 1459 etc.
1513 1392 1567 1458 Ο
1614 1394 1906 1477 gloriosa
1952 1401 2074 1459 etc.

332 1606 466 1662 Von
516 1605 695 1663 fluido
742 1619 857 1661 von
902 1603 1191 1660 Basoohea
1240 1604 1355 1675 (de
1393 1603 1766 1676 Basochiis),
1829 1603 1886 1658 in
1933 1604 2037 1659 der
2087 1604 2182 1659 Hs,
2232 1604 2420 1659 seiner
2458 1604 2652 1662 Briefe
2699 1623 2771 1664 zu

157 1691 513 1765 Luxemburg
547 1694 654 1749 No.
696 1693 815 1760 108,
852 1692 904 1746 b.
954 1707 1056 1747 aus
1093 1691 1218 1745 dem
1255 1695 1323 1746 12
1354 1692 1552 1748 Jahrh.
1625 1692 1703 1748 Er
1750 1697 1884 1763 eagt
1931 1707 2022 1746 am
2069 1691 2340 1747 Schlusse
2389 1692 2491 1749 dee
2526 1691 2768 1764 Briefea,

157 1795 325 1837 wozu
360 1782 540 1838 dieses
577 1781 715 1855 Lied⁶
747 1781 981 1853 gehfirt:
1043 1779 1208 1836 mitto
1257 1780 1361 1836 tibi
1408 1780 1666 1852 singulas
1716 1780 1784 1835 de
1835 1780 2077 1853 singulis
2125 1781 2251 1854 ejus
2290 1780 2769 1838 sollemnitatibus

155 1869 495 1926 laudationis
544 1870 835 1942 rythmicae
883 1866 1184 1923 clausulae.
1256 1866 1436 1923 Guido
1484 1868 1644 1923 starb
1695 1869 1852 1923 1203.
1925 1869 2026 1924 Die
2061 1868 2350 1938 Strophen
2401 1867 2526 1923 sind
2573 1868 2633 1923 in
2667 1867 2772 1923 der

155 1959 268 2027 He„
299 1959 515 2033 jedoch
550 1959 707 2013 nicht
741 1957 873 2023 alle,
909 1971 976 2010 eo
1015 1955 1349 2027 abgetheilt,
1387 1954 1519 2010 dass
1560 1956 1650 2010 die
1687 1958 1723 2009 4
1760 1962 1946 2011 ersten
1986 1956 2165 2011 Verse
2202 1957 2364 2011 einen
2407 1956 2638 2026 Abeatz,
2675 1954 2770 2011 die

155 2048 189 2099 5
226 2043 541 2116 folgenden
578 2044 684 2097 den
720 2042 963 2095 zweiten
1009 2042 1123 2096 und
1160 2041 1262 2096 der
1296 2041 1602 2096 Rundreim
1640 2042 1748 2097 den
1784 2042 1990 2097 dritten
2026 2042 2245 2114 bilden,
2307 2043 2529 2098 welche
2577 2041 2768 2098 wahr-

153 2132 469 2188 scheinlich
507 2130 652 2185 auch
688 2128 865 2184 durch
899 2128 988 2182 die
1022 2127 1265 2187 melodia
1301 2128 1731 2184 unterschieden
1769 2129 2018 2183 worden.

334 2276 402 2334 V.
440 2277 523 2332 18.
581 2271 880 2332 confinium
941 2266 1465 2348 (Gofaugensc'hast
1480 2317 1495 2346 ,
1543 2276 1647 2332 das
1698 2272 2084 2331 franzosische
2135 2272 2416 2343 confiner)
2476 2275 2591 2331 und
2640 2273 2770 2333 finis

157 2364 310 2423 exilii
344 2365 471 2420 sind
504 2363 864 2436 Gegensatze
878 2404 892 2432 ,
943 2364 1032 2419 die
1069 2363 1193 2418 hier
1231 2365 1710 2437 hervorgehoben
1743 2362 1989 2418 werden.

329 2452 400 2508 V.
435 2453 507 2507 26
521 2484 584 2494 -
600 2453 688 2505 30.
761 2450 922 2518 Quod
957 2451 1094 2506 deus
1129 2447 1353 2506 femiam
1389 2452 1768 2522 obtemperet,
1817 2448 2104 2504 humilitas
2140 2446 2352 2520 absque
2389 2450 2674 2523 exemplo,
2710 2453 2772 2508 et

160 2539 310 2613 quod
356 2538 465 2594 deo
512 2534 720 2592 femina
767 2536 1116 2609 principetur
1162 2536 1325 2608 (Luc.
1360 2540 1413 2606 2,
1448 2538 1553 2606 31)
1572 2577 1586 2606 ,
1642 2535 1954 2591 sublimitas
2001 2535 2121 2591 sine
2158 2536 2335 2591 socio.
2409 2536 2466 2592 S.
2503 2537 2772 2593 Ber-nardi

159 2629 303 2684 hom.
338 2629 392 2696 2,
429 2629 481 2679 ’1.
552 2623 819 2680 Dominus
855 2626 928 2681 ad
966 2625 1197 2681 humilia
1231 2623 1519 2680 descendit
1553 2628 1614 2679 et
1650 2621 2006 2695 campestria,
2042 2629 2105 2679 ut
2130 2623 2418 2679 diabolum
2453 2622 2772 2680 humilitate

166 2717 476 2786 :upon-aret.
544 2712 761 2768 Hieron.
794 2712 853 2767 in
888 2713 1080 2769 uatth.
1124 2716 1173 2782 1,
1207 2714 1258 2767 4.
1328 2711 1385 2768 S.
1422 2711 1528 2768 No.
1562 2714 1650 2781 37,
1685 2714 1773 2767 23.
1827 2711 1934 2766 No.
1967 2713 2053 2780 42,
2091 2712 2176 2765 11.

333 2800 405 2855 V.
441 2799 527 2853 ⁴6.
562 2801 648 2853 4⁷.
711 2807 872 2875 χαῖρε
906 2795 942 2872 ἦ
977 2797 1210 2856 τεκοῦσα
1244 2797 1339 2856 τὸν
1372 2796 1596 2869 ποιητήν
1631 2819 1736 2854 σου
1770 2802 1861 2853 καὶ
1897 2796 2099 2874 κύριον.
2175 2797 2420 2853 Triodion
2454 2797 2517 2866 P,
2551 2799 2604 2852 8.

337 2887 405 2942 V.
442 2887 527 2940 64.
562 2887 653 2940 65.
702 2885 899 2940 Nonne
935 2891 1051 2955 tuo,
1089 2886 1254 2941 immo
1282 2885 1545 2941 veritatis
1564 2884 1805 2957 judicio,
1843 2884 1964 2953 illa,
2003 2899 2130 2954 quae
2158 2883 2322 2939 deum
2348 2883 2546 2939 habuit
2570 2879 2761 2954 fllium,

163 2989 329 3044 super
374 2990 570 3028 omnes
618 2973 787 3028 etiam
830 2974 1039 3028 choros
1088 2973 1430 3028 exaltabitur
1477 2971 1850 3043 angelorum?
1922 2986 2110 3027 annon
2159 2971 2319 3027 deum
2367 2976 2427 3027 et
2479 2971 2759 3027 dominnm

163 3060 494 3132 angelorum
528 3059 713 3116 Maria
746 3075 903 3114 suum
937 3058 1206 3115 audacter
1239 3059 1494 3132 appellat
1527 3056 1703 3114 filium
1754 3058 1907 3127 (Luc.
1941 3060 1994 3127 2,
2029 3059 2177 3129 48)ῗ
2247 3058 2373 3130 quis
2409 3061 2521 3116 hoc
2556 3057 2762 3114 audeat

165 3147 537 3219 angolorum?
605 3147 873 3203 Ber-nardi
904 3146 1048 3202 hom.
1080 3149 1134 3216 2,
1171 3148 1221 3200 7.

756 3540 928 3617 325.
996 3538 1389 3641 Conceptio
1439 3539 1510 3614 b.
1556 3541 1807 3615 Mariae
1858 3541 2172 3640 virginis·

165 3778 425 3852 Aurora
468 3785 634 3851 lucis
680 3787 915 3871 oritur,
1511 3786 1616 3853 Ex
1658 3786 1996 3853 Bethleem
2038 3788 2450 3874 percepimus
2689 3846 2696 3851 .

168 3887 502 3972 conceptio
548 3888 857 3954 recolitur
1511 3888 1773 3959 Annam
1816 3891 2047 3976 fuisse,
2090 3892 2195 3957 vir
2240 3893 2386 3976 ejus
2683 3893 2765 3957 10

167 3985 421 4075 Mariae,
470 4010 618 4073 quae
660 3993 1038 4076 verbigenae
1515 4015 1600 4059 ex
1642 3994 1972 4061 Nazareth
2019 4003 2086 4061 et
2127 3995 2460 4078 Joachim,

168 4108 280 4156 vas
332 4101 435 4158 est
476 4093 764 4179 provisae
808 4097 1061 4179 gratiae.
1512 4105 1732 4163 natam
1772 4096 2108 4163 laudemus
2150 4096 2491 4183 perpetim.

170 4303 253 4374 Ut
297 4310 535 4376 femina
579 4311 888 4396 dilueret,
1370 4316 1410 4378 5
1517 4311 1856 4399 Concepta
1900 4335 1984 4379 ex
2025 4313 2408 4401 parentibus
2483 4378 2486 4383 .

175 4412 338 4492 quod
380 4415 620 4480 femina
660 4415 1018 4500 polluerat,
1158 4442 1167 4449 ·
1515 4416 1794 4481 Mariam
1841 4436 2011 4482 nunc
2060 4414 2422 4481 colentibus

175 4531 213 4575 a
248 4515 394 4583 labe
440 4517 586 4584 haec
629 4519 899 4603 originis
1516 4540 1640 4606 per
1685 4528 1956 4585 matrem
1998 4519 2452 4603 primogenitae
2684 4508 2766 4584 '15

172 4624 694 4699 praeservabatur
737 4623 1036 4691 criminis.
1521 4630 1697 4689 tuam
1737 4619 2023 4689 nefanda
2062 4637 2346 4687 remove.
