3167 5242
2615 267 2750 336 44¹!

158 457 340 524 Nunc
383 463 450 520 te
494 454 712 541 prodit
754 456 1025 539 largiter
1500 455 1839 539 Approbat
1881 456 2339 540 carbunculus,

154 558 416 627 adamas
432 606 451 642 ‚
497 562 606 642 qui
650 559 919 625 firmiter
1499 558 1726 624 lucens
1768 561 1978 626 noctis
2023 561 2248 627 oculus
2266 610 2283 645 ,

153 662 397 731 cunctis
444 665 660 728 obstat
703 664 964 748 ictibus,
1499 660 1720 744 longe,
1764 661 1922 744 late,
1968 660 2240 746 largiter

158 767 224 831 in
266 764 559 831 adversis
604 767 897 833 omnibus
1500 762 1712 828 laudis
1756 771 1887 832 tuae
1921 764 2172 850 jugiter

237 868 468 933 fortem
513 868 881 951 patientem.
1308 866 1395 934 85
1585 865 1822 933 famam
1866 867 2141 935 dilatari.
2704 870 2745 933 5

158 1055 408 1125 Iudicat
451 1057 791 1143 perlucida
1500 1060 1808 1143 Regnans
1849 1060 1915 1126 in
1960 1060 2329 1130 ooelestibus

156 1170 221 1228 te
266 1161 613 1247 crystallus
657 1162 898 1246 frigida
1501 1172 1738 1229 ornata
1785 1163 2160 1246 virtutibus,

156 1272 398 1350 mente,
444 1283 640 1331 carne
675 1266 994 1350 virginem
1499 1266 1740 1332 munda
1784 1283 1903 1332 nos
1947 1285 1991 1332 a
2033 1267 2207 1333 vitiis

159 1376 523 1452 nostraeque
567 1368 882 1452 originem
1502 1379 1569 1435 et
1613 1369 1697 1435 de
1742 1369 1869 1435 tuis
1913 1372 2153 1455 nuptiis

240 1471 385 1556 spei
427 1471 830 1538 existentem.
1309 1472 1394 1536 90
1587 1472 1795 1539 facias
1840 1474 2068 1540 laetari.
2668 1475 2749 1540 10

158 1662 270 1730 Sic
312 1670 378 1727 te
420 1661 848 1748 temperantia
1504 1660 1784 1748 Insuper
1828 1662 1894 1726 in
1938 1661 2130 1748 copia

156 1785 240 1832 ac
280 1766 521 1831 timoris
565 1768 782 1850 gratia
1504 1764 1753 1830 exultat
1796 1761 2049 1830 Arabia

158 1875 417 1950 ornant,
465 1876 535 1933 ut
579 1869 884 1953 egregius
1503 1867 1740 1953 Ophir,
1784 1864 1962 1934 Saba
1981 1916 1998 1951 ,
2043 1868 2289 1953 pariter

160 1972 369 2057 aperit
413 1972 683 2056 ligurius
1504 1969 1773 2037 Thai-sis
1817 1970 1931 2037 dat
1975 1972 2265 2036 similiter

245 2075 466 2140 similis
500 2076 765 2139 electro.
1317 2074 1398 2138 95
1592 2069 1817 2139 auru'm
1861 2071 2219 2140 affluenter.
2671 2077 2751 2142 15

156 2266 426 2349 Magnes
473 2265 714 2329 ferrum
759 2264 1028 2348 propius
1501 2267 1604 2335 Ex
1648 2284 1777 2352 quo
1821 2285 2118 2352 praesens
2163 2269 2475 2352 parvulus

156 2368 423 2437 attrahit
466 2367 743 2433 celerius
762 2417 781 2451 ,
1508 2370 1593 2434 sit
1635 2377 1992 2453 gemmatus
2038 2368 2309 2436 annulus
2327 2419 2345 2455 ,

158 2473 348 2556 virgo
385 2471 826 2556 poenitentium
1510 2493 1702 2557 quem
1747 2473 2029 2540 oblatum
2074 2473 2271 2540 hodie

157 2573 439 2641 chordas
485 2575 693 2659 tangit
735 2574 1040 2640 mentium
1508 2596 1630 2662 per
1673 2596 1809 2660 me,
1856 2595 2099 2663 sponsa
2142 2577 2373 2662 gloriae
2391 2626 2408 2661 ,

245 2677 504 2761 pietatis
547 2677 817 2760 plectro.
1282 2678 1405 2743 100
1598 2679 1854 2765 suscipe
1902 2680 2270 2747 clementer.
2629 2679 2755 2746 120

332 2864 426 2919 Hs.
463 2881 532 2918 zu
567 2862 627 2919 S.
664 2863 808 2919 Paul
840 2865 899 2919 in
936 2865 1188 2922 Kfirnten
1234 2866 1341 2922 No.
1377 2870 1462 2922 44.
1519 2867 1558 2924 f.
1598 2870 1683 2924 87.
1734 2873 1802 2924 15
1833 2870 2029 2927 Jahrb.
2063 2872 2165 2926 mit
2198 2869 2299 2924 der
2332 2865 2754 2928 Ueberschrift:

153 2949 357 3021 Incipit
391 2950 569 3021 ipsius
605 2949 865 3021 (marim)
901 2952 1102 3007 anulus
1139 2968 1211 3009 ex
1245 2951 1448 3025 viginti
1482 2955 1714 3025 gemmis
1749 2956 2176 3026 pretiosissimis
2210 2961 2273 3012 et
2305 2970 2448 3013 auro
2483 2957 2755 3014 virtutum

151 3038 285 3111 ejus
317 3036 677 3093 mundissimo
712 3035 1081 3094 fabrefactus.
1170 3038 1232 3094 In
1284 3054 1546 3095 versuum
1606 3041 1884 3111 capitibus
1931 3043 2214 3113 reperitur
2250 3042 2473 3098 titulus:
2534 3046 2758 3101 annum

149 3127 300 3182 beate
333 3128 548 3195 viv-qim
581 3125 766 3179 Μανία.
852 3125 1050 3182 Dieses
1095 3125 1335 3183 Gedicht
1379 3127 1533 3182 steht
1578 3128 1722 3182 auch
1771 3129 1851 3182 in·
1876 3129 1977 3186 der
2025 3130 2117 3186 Hs.
2166 3145 2281 3185 von
2316 3129 2636 3201 'tegernsee
2685 3150 2756 3189 zu

152 3212 428 3269 munchen
465 3213 570 3269 No.
609 3215 748 3269 1824
783 3213 881 3270 des
920 3217 987 3270 15
1022 3215 1217 3271 Jahrb.
1253 3214 1365 3272 und
1401 3211 1547 3269 wird
1581 3216 1741 3271 datin
1776 3215 1898 3272 dem
1934 3217 2103 3273 Prior
2129 3218 2349 3274 Konrat
2375 3233 2489 3272 von
2517 3215 2754 3292 Gaming

149 3300 608 3372 zugeschrieben.
677 3302 837 3357 Auch
874 3302 933 3359 in
960 3300 1105 3359 zwei
1130 3302 1468 3359 Miinchener
1494 3304 1619 3359 Hss.
1647 3304 1746 3359 des
1774 3308 1841 3360 15
1867 3306 2080 3375 Jahn-h„
2108 3305 2183 3360 im
2211 3304 2344 3362 Cod.
2370 3305 2677 3376 Augustan.
2702 3309 2754 3362 2.

151 3384 258 3444 fol.
294 3390 378 3444 73.
414 3390 525 3445 und
556 3391 630 3446 im
665 3391 803 3450 clm.
837 3392 993 3448 9084.
1028 3390 1065 3447 f.
1095 3394 1213 3447 141.

338 3513 408 3567 49
444 3512 765 3585 cunctisque
792 3515 886 3570 Hs.
959 3516 1029 3570 56
1047 3514 1332 3589 jacinctus
1360 3513 1475 3584 Hs„
1512 3515 1649 3571 weil
1683 3532 1746 3571 es
1783 3515 2098 3589 dreisylbig
2133 3516 2225 3572 ist.
2298 3517 2398 3571 111
2437 3515 2643 3587 coppia
2660 3515 2758 3574 Hs.

157 3600 265 3652 112
304 3599 477 3655 eiulat
511 3600 609 3656 Hs.
680 3605 783 3656 114
818 3603 1016 3658 besser
1051 3605 1200 3661 dant.
1282 3607 1385 3659 115
1422 3601 1719 3660 effluenter
1754 3603 1851 3661 Hs.

338 3729 403 3784 V.
441 3732 525 3785 10.
561 3726 735 3800 fides,
800 3734 884 3786 11.
922 3748 1078 3804 spes,
1144 3734 1228 3788 19.
1266 3732 1493 3790 caritas.
1563 3733 1793 3790 Einzeln
1828 3734 2060 3792 werden
2108 3735 2264 3792 dioec
2299 3733 2614 3805 gotffichen
2648 3732 2756 3788 Tu-

151 3816 380 3888 genden
414 3817 474 3872 in
508 3821 776 3875 manchon
810 3818 1242 3876 Eutienliedern
1274 3822 1565 3889 erwahnt,
1604 3822 1883 3894 vereinigt
1917 3822 2057 3877 aber
2091 3822 2249 3877 mehr
2283 3821 2343 3876 111
2379 3820 2484 3876 den
2519 3818 2757 3876 Liedern

151 3922 232 3961 an
270 3904 420 3962 Gott.
474 3906 580 3962 No.
614 3908 703 3976 2⁰,
735 3909 964 3962 13-15.
1040 3907 1312 3964 Doctrina
1346 3923 1487 3964 sana
1522 3906 1832 3964 aedificatur
1866 3906 2005 3963 fides
2041 3915 2228 3977 recta,
2265 3922 2397 3979 spes
2434 3901 2626 3976 firma,
2665 3921 2757 3962 ca·

151 3992 305 4047 ritas
353 4009 509 4064 pura.
573 3997 838 4066 Anqustm.
880 3995 950 4050 de
996 3992 1234 4067 perfect.
1281 3997 1362 4052 18.
1445 3995 1546 4052 Die
1601 3993 1967 4068 beigeffigten
2019 3995 2317 4070 Adjective
2369 3993 2614 4050 driicken
2665 3994 2757 4050 die

153 4081 572 4139 Kirchenlehre
608 4097 711 4139 aus
745 4083 858 4139 und
891 4083 1147 4140 kommen
1183 4085 1328 4141 auch
1363 4083 1437 4140 im
1473 4083 1868 4141 Griechiscben
1904 4098 2011 4140 vor
2026 4123 2042 4152 ,
2078 4084 2190 4138 wie
2228 4080 2294 4159 ὄρ
2303 4083 2569 4149 Bodetia,
2605 4082 2758 4146 ἐλπὶς

148 4168 357 4244 βεβαία
393 4187 447 4226 u.
484 4169 598 4243 dgl.
653 4170 759 4228 No.
796 4171 931 4242 526,
967 4173 1053 4228 63.
1133 4171 1291 4229 Fidei
1326 4177 1386 4228 et
1418 4172 1542 4244 spei
1568 4173 1693 4245 jam
1727 4186 1822 4226 res
1856 4170 2010 4243 ipsa,
2072 4186 2184 4227 non
2233 4186 2359 4241 quse
2396 4169 2660 4226 credatur
2696 4173 2757 4228 et

151 4264 453 4330 speretur,
515 4258 618 4314 sed
652 4275 777 4331 ques
813 4259 1075 4316 videntur
1105 4263 1501 4332 teneaturque,
1549 4258 1836 4329 succedet;
1905 4257 2116 4314 caritas
2150 4263 2366 4328 autem,
2417 4273 2545 4328 quse
2574 4257 2634 4314 in
2669 4255 2757 4312 his

149 4344 347 4406 tribus
383 4347 573 4420 major
608 4351 715 4418 est,
750 4362 864 4403 non
895 4344 1208 4418 afferetur,
1243 4346 1347 4403 sed
1379 4346 1679 4420 augebitur
1714 4351 1771 4401 et
1796 4345 2137 4418 implebitur,
2174 4344 2571 4417 contemlata,
2607 4342 2757 4415 quod

149 4433 460 4505 credebat,
524 4441 585 4492 et
617 4436 766 4507 quod
803 4429 1099 4509 sperabat,
1159 4436 1404 4509 indepta.
1455 4439 1718 4508 Ama-stin.
1758 4434 1795 4490 l.
1832 4434 1868 4490 1.
1907 4436 1991 4490 19.
2060 4433 2242 4491 Maria
2274 4436 2352 4491 ist
2388 4433 2479 4489 ein
2514 4430 2756 4488 Verbild

148 4524 350 4580 dieser
376 4524 697 4597 Tugenden,
734 4525 876 4582 deun
912 4525 996 4581 sie
1031 4527 1131 4581 hat
1165 4525 1266 4581 der
1294 4524 1680 4596 Verheissung
1705 4522 1902 4579 Gottes
1930 4522 2221 4596 geglaubt,
2259 4521 2365 4578 auf
2383 4523 2489 4577 den
2516 4517 2755 4575 Heiland

147 4610 387 4684 gehofl't
417 4612 530 4667 und
563 4612 659 4668 ihn
696 4611 921 4683 gelieht.
957 4615 1217 4684 Aequa-stin.
1247 4611 1314 4667 de
1342 4612 1526 4668 anima
1555 4615 1605 4682 1,
1631 4614 1695 4666 11
1732 4615 1865 4683 sagt
1898 4625 2013 4667 von
2051 4609 2174 4665 dem
2209 4609 2442 4666 rechten
2467 4607 2757 4665 Schscher

150 4713 255 4756 am
285 4700 533 4757 Kreuze:
571 4701 695 4774 quis
732 4715 846 4758 non
872 4699 1207 4773 consideret,
1243 4706 1453 4774 quanta
1478 4696 1604 4773 fide,
1639 4702 1850 4773 quanta
1872 4714 1990 4771 spe,
2026 4701 2235 4771 quanta
2257 4697 2497 4755 caritate
2520 4701 2759 4755 mortem
