3167 5242
379 429 694 498 candens
732 429 881 515 plus
925 448 1114 512 quam
1158 429 1356 494 lilium
1371 475 1389 511 ,
1738 426 1839 491 Ne
1881 433 2035 510 post
2077 432 2351 490 mortem
2390 425 2620 510 puniat
2694 426 2699 431 ’

470 554 756 599 vernans
798 534 946 617 plus
992 554 1182 617 quam
1224 551 1408 615 rosa,
1824 548 1945 594 nos
1988 531 2226 594 inferni
2267 550 2495 613 poena,

384 645 564 705 tuum
606 656 773 722 roga
818 636 1047 721 filium,
1741 630 1860 697 sed
1902 642 2115 699 tecum
2157 633 2411 698 reficiat

471 742 664 825 virgo
711 743 1032 826 speciosa,
1552 740 1636 803 50
1830 738 2209 822 angelorum
2253 757 2459 802 coena.

565 918 661 976 Hs.
697 934 768 973 zu
802 916 1092 985 Miinchen,
1129 931 1243 970 von
1280 914 1681 985 Kaisersheim,
1718 913 1821 971 No.
1859 918 1943 971 37.
1981 916 2083 971 des
2118 917 2188 970 13
2221 914 2419 970 Jahrh.

557 1041 625 1096 V.
660 1042 745 1093 14.
798 1038 1010 1094 caritas
1047 1036 1286 1109 gemina,
1324 1035 1414 1092 die
1449 1037 1619 1093 Liebe
1654 1037 1854 1094 Gottes
1902 1037 2017 1092 und
2050 1037 2150 1092 des
2184 1036 2490 1105 N'a'chsten,
2523 1034 2583 1088 in
2616 1030 2841 1088 andem
2876 1032 2997 1089 uo-

382 1131 524 1188 dem
556 1128 706 1202 ignis
743 1126 997 1201 geminus
1033 1131 1298 1198 genannt.
1365 1125 1470 1182 No.
1508 1129 1597 1195 17,
1632 1129 1719 1181 11.
1771 1126 1881 1181 No.
1917 1128 2004 1193 20,
2045 1128 2127 1180 15.

561 1216 629 1271 V.
666 1216 750 1269 15.
785 1216 872 1268 17.
907 1216 996 1268 21.
1045 1214 1158 1268 Das
1194 1213 1350 1269 Neue
1400 1212 1494 1268 bei
1541 1211 1645 1267 der
1681 1212 1892 1269 Geburt
1941 1213 2156 1269 Christi
2202 1210 2467 1267 bedentet
2513 1211 2703 1265 sowol
2751 1210 2847 1265 die
2897 1209 2995 1264 Er-

382 1319 674 1375 neuerung
711 1300 812 1356 der
844 1300 1191 1356 Menschheit
1246 1301 1385 1367 (No.
1419 1302 1508 1369 43,
1546 1303 1641 1370 1),
1703 1300 1788 1355 als
1827 1301 1996 1369 auch,
2061 1300 2193 1354 dass
2230 1299 2414 1354 dieses
2446 1298 2740 1368 Ereigniss
2780 1296 2994 1352 von-hor

383 1392 660 1449 unerhfirt
690 1404 838 1453 war,
871 1386 1046 1443 daher
1079 1387 1172 1441 die
1207 1386 1480 1443 Griechen
1516 1384 1687 1441 dasiir
1721 1389 1874 1454 ξένος
1911 1387 2217 1443 brauchen.
2254 1387 2361 1443 Νο.
2386 1386 2472 1454 86,
2501 1387 2584 1439 13.
2653 1384 2795 1439 Eine
2824 1384 2994 1438 dritta

383 1479 709 1548 Beziehung
755 1474 881 1548 gibt
914 1475 1125 1530 Hieron.
1161 1474 1219 1529 in
1253 1475 1457 1530 Lucam
1491 1476 1635 1531 hom.
1673 1475 1736 1544 6,
1792 1474 1899 1529 den
1935 1473 2409 1529 wahrscheinlich
2442 1474 2677 1528 manche
2713 1472 2999 1544 Hymen-

389 1565 609 1623 dichter
654 1566 730 1619 im
780 1564 943 1637 Auge
991 1562 1204 1617 hatten.
1302 1562 1381 1618 Er
1415 1567 1574 1634 sagt:
1638 1562 1892 1634 Angelus
1941 1578 2092 1618 novo
2141 1578 2399 1617 sermone
2435 1560 2670 1616 Mariam
2703 1560 2994 1629 salutavit,

393 1670 558 1727 quem
605 1653 662 1709 in
710 1652 860 1707 omni
906 1651 1190 1722 scriptura
1234 1650 1488 1705 invenire
1525 1666 1638 1705 non
1674 1651 1847 1722 potui.
1904 1680 1969 1693 --
2034 1650 2093 1705 id
2128 1649 2272 1705 enim
2309 1649 2459 1720 quod
2494 1649 2602 1704 ait:
2653 1664 2763 1702 ave
2800 1646 2995 1720 grafia

389 1744 578 1815 plena,
616 1739 766 1812 quod
801 1755 992 1812 graece
1029 1739 1234 1794 dicitur
1267 1741 1684 1813 κεχαριτωμένη,
1722 1738 1820 1793 ubi
1855 1736 1912 1791 in
1947 1737 2247 1809 scripturis
2284 1737 2421 1792 alibi
2456 1736 2715 1809 legerim,
2753 1752 2873 1791 non
2910 1751 2993 1790 re-

384 1831 625 1886 cordor:
689 1829 790 1885 sed
835 1847 1012 1901 neque
1061 1830 1136 1884 ad
1181 1829 1365 1883 virum
1415 1828 1732 1883 istiusmodi
1779 1844 1964 1884 sermo
2012 1834 2130 1899 est,
2193 1828 2353 1884 salve
2401 1827 2593 1901 gratia
2626 1827 2831 1899 plena,
2884 1826 2991 1883 soli

383 1918 583 1977 Mari&
629 1918 752 1972 haec
798 1916 1069 1974 salutatio
1106 1922 1379 1972 servatur.
1441 1916 1571 1971 Dec.
1609 1919 1697 1971 24.
1761 1922 1815 1971 τί
1848 1915 2006 1973 τοῦτο
2042 1916 2106 1973 τὰ
2144 1919 2404 1991 μέγιστον
2439 1919 2529 1970 καὶ
2564 1918 2722 1981 ξένον
2758 1913 2990 1987 θαῦμας

386 2004 510 2068 πῶς
545 2007 696 2081 φέρω
733 2024 796 2060 σε
832 2007 1085 2081 φέροντα.
1141 2004 1247 2058 No.
1287 2004 1411 2072 364,
1448 2005 1496 2056 1.
1569 2002 1834 2077 σύλληψιν
1870 2007 2021 2073 ξένην
2056 2006 2351 2076 κεκτημένη.
2399 2002 2562 2059 Febr.
2592 2004 2676 2056 11.
2749 2002 2885 2069 ξένα
2906 2002 2993 2056 καὶ

387 2090 684 2169 παράδοξα
719 2090 825 2149 τῶν
860 2090 1107 2168 οὐρανῶν
1140 2090 1174 2147 ὁ
1211 2088 1478 2161 δεσπότης
1517 2090 1608 2145 ἐπὶ
1645 2094 1734 2147 σοὶ
1769 2093 2012 2148 τετέλεκε.
2061 2092 2202 2147 Pent.
2240 2093 2324 2146 19.

565 2179 630 2235 V.
665 2183 751 2234 42.
802 2194 972 2251 poena
1007 2178 1188 2234 heisst
1221 2176 1346 2232 hier
1380 2177 1537 2233 nicht
1570 2176 1784 2247 Strafe,
1822 2177 2065 2233 sondern
2101 2178 2257 2246 Pein,
2292 2176 2575 2245 Schmrz,
2613 2176 2761 2232 deun
2796 2194 2864 2232 es
2898 2177 2995 2231 bo-

394 2269 547 2325 zieht
584 2268 704 2327 sich
740 2266 848 2324 auf
873 2267 1005 2325 Gen.
1038 2270 1091 2337 3,
1130 2270 1215 2322 13.
1284 2266 1603 2322 Denselben
1637 2266 1779 2323 Sinn
1813 2268 1915 2323 hat
1949 2284 2011 2322 es
2053 2268 2197 2321 auch
2231 2266 2325 2322 bei
2360 2265 2634 2323 Christus.
2672 2266 2765 2322 No
2823 2268 2909 2337 85,
2943 2265 2992 2319 ⁵.

386 2356 444 2412 ἐν
477 2356 558 2429 τῷ
592 2354 800 2412 ὠδίνειν
834 2375 928 2425 σε,
983 2353 1152 2431 κόρη,
1213 2353 1284 2409 τὰ
1315 2350 1538 2431 μήτρων
1573 2351 1672 2409 οὐκ
1708 2356 1903 2427 ἔγνως,
1968 2353 2266 2431 ὑπερφυῶς
2303 2356 2418 2409 ἐπεὶ
2453 2351 2808 2428 συλλαβοῦσα
2846 2351 2993 2409 θεόν.

385 2443 517 2501 uai.
555 2444 603 2498 7.

1300 2741 1474 2816 371.
1541 2743 1660 2817 De
1715 2768 1768 2814 s.
1823 2743 2082 2814 Maria.

389 2944 639 3017 Auster
680 2946 864 3029 veni,
908 2946 1117 3032 perfla
1151 2954 1429 3013 mentem
1743 2944 2049 3028 Virgines
2094 2946 2403 3010 mirentur
2446 2950 2719 3010 matrem

390 3058 460 3118 et
504 3050 791 3117 accende
836 3059 1313 3138 torpescentem
1740 3048 2078 3131 virginem,
2126 3054 2285 3131 quae'
2314 3048 2519 3132 prolis
2562 3056 2821 3133 patrem

476 3154 793 3238 aquilonis
836 3154 1117 3240 frigore!
1826 3152 2036 3218 virum
2077 3171 2208 3217 non
2253 3152 2652 3236 cognoverit.

389 3310 608 3403 Surge
654 3325 882 3403 torpor
925 3317 1275 3402 aquilonis,
1742 3312 2174 3383 Ammiremur
2219 3324 2287 3382 et
2328 3336 2448 3383 nos
2493 3316 2796 3384 mundam

388 3441 565 3488 novo
609 3439 798 3504 rore,
839 3422 1030 3486 novis
1068 3422 1256 3486 donis
1600 3420 1639 3482 5
1745 3420 2156 3504 genitricem,
2201 3421 2320 3486 sed
2356 3422 2700 3489 fecundam
2910 3425 2990 3490 20

474 3524 825 3590 fecundato
868 3526 1172 3609 pectore!
1832 3542 2214 3590 veneremur
2257 3526 2600 3610 virginem3

387 3685 651 3770 Lingua
687 3693 954 3770 torpens
998 3687 1331 3752 relaxetur
1743 3688 2050 3755 Mundam
2096 3709 2138 3755 a
2182 3697 2483 3756 contactu
2527 3690 2686 3773 viri,

393 3798 464 3858 et
502 3791 572 3856 in
615 3787 873 3854 laudem
918 3790 1238 3856 excitetur
1742 3794 1812 3860 in
1858 3811 1985 3876 qua
2029 3801 2282 3858 constat
2325 3793 2575 3858 couniri

477 3891 875 3959 venerandae
916 3893 1221 3978 virginis,
1826 3897 2033 3961 verbo
2077 3897 2282 3981 patris
2316 3895 2667 3981 hominem.

391 4059 482 4129 Ut
521 4063 665 4128 laus
704 4061 904 4145 (ligna
947 4060 1134 4127 detur
1178 4062 1258 4145 ei,
1557 4062 1639 4125 10
1739 4059 1924 4144 Ergo
1968 4061 2159 4144 virgo
2202 4069 2407 4129 mater
2453 4060 2588 4144 dei,
2907 4064 3003 4131 25

394 4184 542 4250 quae
583 4183 713 4229 non
754 4172 1001 4231 tantum
1045 4172 1251 4229 mater
1296 4162 1438 4247 dei,
1739 4166 1982 4248 inqua
2024 4183 2268 4232 summa
2309 4174 2553 4232 nostrae
2594 4167 2747 4250 spei

477 4267 598 4333 sed
644 4267 749 4334 dei
793 4277 862 4334 et
903 4268 1193 4333 hominis
1710 4310 1743 4343 .
1830 4270 2123 4335 consistit
2168 4278 2233 4338 et
2274 4272 2487 4336 veniae
2503 4318 2522 4355 ,

394 4428 576 4500 Inter
614 4440 876 4499 matres,
898 4434 1076 4500 nulla
1118 4432 1300 4518 taJiS,
1742 4432 1991 4517 Regem
2035 4442 2323 4501 nostrum
2353 4413 2541 4502 ‘tuum
2585 4443 2828 4521 natum,

398 4552 589 4620 quam
632 4535 972 4602 character
1016 4536 1356 4619 virginalis
1743 4535 1950 4602 redde
1991 4539 2178 4603 nobis
2222 4537 2331 4604 hic
2373 4540 2728 4623 placatum,

483 4658 609 4707 nec
648 4647 800 4726 post
838 4648 1098 4729 partum
1143 4640 1402 4710 deserit.
1557 4644 1639 4707 15
1829 4660 1950 4707 nos
1992 4643 2354 4709 reformans
2399 4643 2671 4727 gratiae3
2906 4643 2995 4708 30
