3167 5242
575 484 821 568 Maria,
865 484 1123 550 miseria
1166 503 1289 569 per
1332 490 1400 550 te
1445 482 1826 548 terminatur

575 596 650 654 et
689 586 1131 654 misericordia
1173 606 1297 672 per
1338 594 1406 653 te
1451 592 1834 671 revocatur,

577 711 702 777 per
744 698 812 757 te
854 690 1309 774 navigantibus
1352 689 1570 756 stella·
1585 691 1784 756 maris
1828 690 2022 757 datur
2036 739 2056 775 ,

574 795 789 861 lumen
832 794 961 859 viae
1001 792 1338 879 panditur,
1377 801 1607 879 portus
1650 793 2152 863 demonstratur.

584 986 808 1052 Gratia
847 991 917 1048 te
959 982 1263 1068 reddidit,
1306 981 1517 1067 virgo,
1562 984 1916 1067 gratiosam
1934 1032 1954 1068 ,

574 1096 644 1153 te
685 1087 949 1152 vestivit
989 1087 1156 1170 lilio,
1202 1087 1444 1172 sparsit
1485 1088 1552 1151 in
1595 1094 1664 1152 te
1705 1105 1957 1173 rosam,

580 1198 648 1256 te
681 1191 997 1255 'virtutum
1041 1188 1311 1257 floribus
1355 1190 1512 1257 feeit
1555 1192 1951 1275 speciosam,

577 1293 750 1359 intus
793 1300 861 1358 et
906 1294 1191 1359 exterius
1238 1301 1440 1359 totam
1481 1293 1879 1361 luminosam.

583 1486 782 1554 Plena
819 1485 1275 1571 medicamine,
1321 1485 1658 1554 abundans
1702 1489 2086 1574 ungnentis,

577 1590 730 1658 andi
772 1611 1006 1676 preces
1042 1593 1351 1679 pauperis
1397 1611 1619 1659 coram
1664 1601 1730 1659 te
1774 1594 2174 1680 plangentis,

576 1695 837 1782 respice
878 1696 948 1761 in
989 1696 1222 1763 faciem
1267 1698 1567 1763 lacrimas
1611 1695 1934 1763 fundentis

583 1807 652 1866 et
694 1800 920 1864 livoris
963 1800 1235 1866 vulnera
1278 1819 1470 1886 sana,
1525 1801 1761 1887 plagas
1804 1801 2056 1868 mentis.

580 1986 889 2057 Dominus
929 2010 1051 2055 rex
1094 1991 1370 2055 omnium
1414 2010 1501 2056 ex
1543 1997 1612 2054 te
1654 1990 1842 2055 nobis
1884 1990 2044 2057 fecit

577 2092 814 2157 cellam
856 2093 1384 2178 pigmentariam,
1429 2100 1498 2157 et
1539 2093 1607 2157 in
1650 2100 1717 2157 te
1746 2093 2044 2159 ‘confecit

579 2197 960 2264 medicinam
1005 2198 1310 2282 omnium,
1356 2217 1503 2281 quee
1549 2198 1672 2264 sibi
1717 2197 2025 2281 subjecit,

578 2303 842 2368 morbos
886 2302 1339 2386 aegrotantium
1382 2301 1574 2367 saluti
1616 2301 1864 2367 refecit.

581 2458 806 2525 Tecum
849 2462 987 2523 tota
1027 2456 1283 2523 trinitas
1325 2457 1483 2523 fecit
1525 2457 1960 2539 mansionem,

574 2560 942 2647 plenitudo,
986 2561 1298 2627 sanctitas
1339 2569 1553 2627 tecum
1599 2563 1944 2627 stationem

575 2667 919 2749 elegerunt
959 2665 1129 2730 intra
1173 2671 1260 2748 te,
1307 2664 1392 2731 ad
1437 2664 1905 2749 perfectionem

575 2768 936 2855 praebendo
982 2774 1070 2851 te,
1093 2770 1385 2834 omnibus
1429 2769 1585 2833 vitae
1620 2768 1981 2836 lectionem.

576 2939 913 3007 Benedicta
957 2938 1230 3025 benedic
1273 2949 1338 3005 te
1382 2937 1877 3023 benedicentes,

586 3049 659 3109 ut
701 3043 767 3106 in
812 3043 939 3108 tuis
983 3042 1281 3108 laudibus
1326 3062 1584 3128 semper
1627 3043 1758 3108 sint
1799 3044 2166 3128 ferventes3

579 3146 844 3213 infunde
892 3146 1294 3214 dulcedinem
1335 3149 1402 3212 in
1446 3166 1670 3213 eornm
1710 3156 1960 3213 mentes

581 3260 654 3317 ut
696 3252 765 3316 iu
805 3251 1047 3318 mactis
1089 3253 1374 3318 moribus
1419 3252 1550 3317 sint
1591 3251 2026 3337 proficientes.

587 3425 678 3492 Tu
720 3428 788 3493 in
826 3426 1189 3493 mulieribus
1234 3426 1476 3510 optima
1519 3423 1732 3509 figura
1745 3473 1762 3508 ,

583 3530 968 3614 angelorum
1012 3531 1289 3597 omnium
1333 3550 1559 3614 regem
1602 3531 1929 3617 paritura,

579 3653 625 3699 a
669 3642 934 3701 creante
980 3622 1194 3708 omnia
1236 3634 1551 3718 singulari
1594 3632 1752 3701 cura

583 3737 843 3822 dignior
885 3756 958 3804 es
1003 3737 1264 3804 condita
1307 3739 1478 3803 omni
1523 3735 1841 3804 creatur&

581 3911 665 3979 Et
707 3914 1062 3983 benedictus
1107 3912 1301 3997 deus,
1347 3913 1457 3997 qni
1501 3919 1733 3979 cuncta
1775 3915 2026 3980 creavit

576 4024 650 4081 et
691 4017 758 4083 in
799 4018 1022 4083 matris
1064 4026 1251 4084 utero
1295 4024 1362 4082 te
1407 4016 1864 4101 sanctificavit,

579 4128 653 4186 et
694 4122 924 4189 beatus
969 4123 1263 4207 genitor,
1309 4122 1419 4208 qui
1460 4128 1528 4187 te
1572 4122 1949 4206 generavit,

582 4230 657 4289 et
698 4228 896 4291 beata
936 4229 1143 4292 ubera
1184 4226 1439 4309 matris,
1485 4245 1633 4310 quae
1675 4226 1962 4292 lactavit.

585 4398 857 4468 Fructus
893 4406 1038 4466 tuus
1082 4399 1341 4466 domina
1381 4399 1630 4467 fructus
1672 4399 2085 4486 angelorum,

591 4522 723 4588 quo
765 4504 1092 4588 fruuntur,
1136 4503 1316 4571 cibus
1362 4511 1465 4570 est
1502 4504 1779 4570 omnium
1819 4513 2227 4589 sanctornm,

593 4608 741 4693 ipsa
785 4607 1163 4693 delectatio,
1206 4608 1485 4677 dulcedo
1529 4626 1784 4696 eorum,

583 4713 699 4799 qui
739 4731 1000 4783 suorum
1040 4714 1369 4785 ambulant
1410 4714 1586 4783 viam
1625 4714 2093 4784 mandatorum.

2638 292 2771 361 101

2684 1087 2775 1154 10

2686 1696 2777 1761 15

2682 2302 2775 2369 20

2682 3533 2775 3599 30

2685 4102 2774 4185 3⁵
