3167 5242
396 454 606 522 {ru-tus
651 454 794 538 spei
836 454 1085 521 stabilis
1103 503 1122 540 ,

387 575 713 641 nunquam
757 556 824 622 in
868 565 933 623 te
977 559 1190 625 labilis

387 660 509 726 fuit
550 679 762 745 neque
807 662 1081 747 veritas,

386 764 606 847 signat
646 771 719 830 ut
761 767 1076 832 serenitas

385 864 617 932 coelica
657 867 965 954 sapphiri.

382 1084 635 1151 Lucens
679 1084 1168 1171 chalcedonius,

384 1187 506 1254 sed
548 1191 667 1256 sub
711 1188 865 1256 divo
911 1190 1271 1276 pulchrius,

382 1291 613 1378 pandit
655 1301 722 1360 te
765 1295 1000 1360 eximio

382 1394 672 1461 caritatis
716 1394 902 1460 radio

471 1496 725 1564 fervide
768 1498 979 1582 igniri.

390 1712 472 1781 Ut
515 1710 846 1798 smaragdi
891 1713 1157 1779 claritas

381 1821 699 1879 monstrat
742 1822 810 1879 et
852 1812 1180 1899 viriditas,

381 1925 596 1984 mente
642 1919 890 1983 cunctis
935 1919 1161 2002 purior

382 2041 456 2087 es
500 2029 569 2086 et
611 2022 974 2105 elegantior

470 2132 619 2192 actu
664 2126 942 2192 virtuali.

380 2341 730 2428 Sardonyx
775 2344 1137 2410 inturbidus

380 2450 571 2514 rubet
615 2448 807 2531 niger
849 2446 1195 2532 candidus,

377 2558 445 2616 te
491 2549 793 2634 designat
835 2549 1099 2637 limpide

378 2661 833 2720 conversatam
876 2652 1137 2739 placide

464 2765 658 2838 gestu
699 2758 1020 2840 virginali.

377 2972 555 3038 Bene
606 2975 846 3037 rubens
892 2970 1145 3037 sardius

378 3073 621 3142 indicat
668 3078 953 3161 apertius
971 3126 987 3159 ‚

376 3180 603 3246 mortis
641 3179 877 3247 Christi
925 3180 1211 3264 gladium

379 3288 710 3354 sauciasse
754 3289 1014 3354 nimium

465 3392 758 3475 spiritum
801 3393 1047 3458 Mariae.

375 3607 693 3691 Exprimit
737 3605 1174 3690 chrysolithus
1195 3655 1213 3690 ,
1305 3696 1311 3703 ι

375 3728 518 3793 prae
566 3708 822 3791 fulgore
867 3708 1119 3773 inclitus

376 3811 685 3879 flammeis
729 3811 1120 3893 scintillulis,

378 3918 622 3983 claram
665 3924 732 3982 te
776 3916 1098 3981 miraculis

462 4040 542 4087 ac
585 4020 757 4086 dono
790 4017 1067 4105 sophiae.

371 4262 428 4328 A
469 4260 728 4346 beryllo
771 4261 1018 4345 pallido

370 4382 489 4430 seu
534 4364 760 4430 nitenti
801 4365 1052 4449 fulgido

369 4464 625 4535 humilis
669 4468 735 4532 in
778 4470 988 4535 animo

370 4578 440 4636 et
480 4572 767 4655 benigna
802 4573 1100 4656 proximo

454 4673 580 4737 rite
625 4677 1083 4744 combrobaris.

1549 870 1631 931 15

1541 1501 1627 1567 20

1541 2128 1627 2192 25

1540 2756 1628 2822 3⁰

1539 3394 1624 3458 35

1532 4680 1617 4746 45

1749 458 2031 528 Tandem
2062 458 2442 545 pretiosior,

1736 551 1986 631 cunctis
2030 563 2301 649 gemmis
2344 564 2626 650 gratior,

1735 666 1973 733 asserit
2015 667 2311 751 topazius
2332 715 2351 749 ‚

1737 769 1986 836 cunctis
2031 768 2206 854 quod
2248 771 2573 857 limpidius

1824 871 2016 939 deum
2059 875 2537 959 contemplaris.

1734 1087 1909 1156 Ecce
1951 1107 2123 1156 nunc
2140 1137 2158 1172 ,
2203 1091 2315 1174 qui
2357 1094 2594 1158 rubeas

1738 1197 1957 1275 guttas
1992 1190 2159 1275 jacit
2202 1209 2440 1257 aureas

1735 1292 2214 1378 chrysoprasus
2227 1343 2245 1378 ,
2290 1294 2467 1361 nimii

1732 1404 1900 1462 oestu
1943 1393 2253 1461 desiderii

1818 1498 2024 1567 refert
2065 1508 2131 1566 te
2172 1500 2453 1566 fervere.

1742 1716 1824 1785 Ut
1865 1716 2255 1801 hyacinthus
2300 1717 2501 1784 celeri

1735 1839 1810 1885 se
1854 1820 2216 1888 conformat
2259 1821 2489 1888 aetheri
2504 1869 2522 1905 ,

1733 1924 1832 1991 sio
1872 1924 2009 1990 fers
2053 1940 2244 2009 opem
2289 1924 2533 2010 anxiis,

1732 2025 1861 2091 tuis
1907 2043 2070 2108 quos
2115 2026 2371 2092 auxiliis

1818 2128 2034 2196 cernis
2077 2128 2390 2213 indigere.

1733 2346 2014 2432 Insuper
2058 2355 2127 2414 te
2169 2348 2465 2418 omnibus

1732 2447 1861 2513 deo
1903 2457 1972 2513 et
2013 2448 2377 2520 hominibus

1731 2551 2177 2637 praedilectam
2219 2572 2449 2620 roseus

1732 2653 1915 2721 color
1958 2663 2026 2721 et
2067 2674 2437 2744 purpureus

1816 2759 2055 2840 probat
2098 2758 2465 2842 amethysti.

1731 2974 1932 3039 Recte
1975 2973 2364 3056 evangelica

1731 3079 2087 3160 margarita
2130 3079 2363 3145 coelica

1731 3200 1805 3245 es
1849 3191 2247 3247 mercantum
2290 3184 2599 3266 omnium3

1730 3285 1918 3370 felix,
1965 3286 2075 3370 qui
2118 3288 2551 3352 conmercium

1818 3389 2233 3472 consequitur
2275 3387 2537 3455 Christi.

1732 3602 2006 3669 Grandis
2049 3604 2238 3688 niger
2283 3603 2547 3690 dicitur,

1728 3704 1910 3768 venis
1957 3704 2122 3769 albis
2168 3706 2481 3791 cingitur,

1726 3808 1838 3891 qui
1879 3816 1947 3874 te
1987 3828 2149 3874 vere
2193 3808 2494 3874 humilem

1725 3909 1878 3977 hinc
1921 3919 1989 3976 et
2034 3913 2502 3997 acceptabilem

1813 4023 2071 4082 reserat
2115 4015 2401 4083 achates.

1724 4256 1915 4323 Illico
1967 4254 2329 4339 onychinus

1717 4362 1954 4429 mixtus
1994 4361 2126 4427 fert
2140 4408 2157 4443 ,
2203 4360 2379 4444 quod
2426 4360 2719 4432 dominus

1720 4465 1846 4550 piis
1890 4472 1957 4529 te
2000 4463 2347 4529 virtutibus

1722 4567 2066 4635 adornavit
2108 4567 2435 4651 omnibus,

1809 4693 2001 4762 quam
2043 4680 2351 4761 optarunt
2393 4681 2583 4743 vates

2902 1505 2997 1570 55

2906 2135 2998 2200 60
3166 2159 3167 2196 1

2904 2763 2989 2828 65

2901 3394 2986 3459 ‘10

2896 4019 2985 4084 '¹15

2885 4675 2983 4743 80
