3167 5242
393 239 534 314 m

401 424 520 506 oui
570 434 681 492 tuo
724 443 845 511 pro
891 426 1158 491 oraculo
1563 425 1650 488 65

489 547 720 611 aquam
771 528 835 592 in
881 527 1097 591 vinum
1142 534 1375 611 mutat,

402 632 468 696 in
513 650 638 715 quo
686 650 840 696 suos
885 630 1195 697 miraculo

489 735 840 820 discipulos
898 734 1250 800 confirmat.

401 916 523 997 oui
570 922 875 983 obsessos
918 918 1208 1003 plurimis

490 1021 889 1089 daemonibus
933 1022 1217 1087 salvavit
1551 1022 1654 1088 «70

402 1143 484 1191 ac
524 1124 814 1191 infirmos
858 1126 1060 1190 variis

487 1227 912 1310 languoribus
963 1226 1230 1292 curavit.

403 1406 527 1485 Qui
567 1406 893 1471 Lazarum
937 1426 1082 1473 cum
1125 1407 1260 1473 filio

487 1511 704 1577 viduae
747 1513 1082 1579 suscitavit
1100 1563 1119 1598 ‚
1489 1575 1498 1582 .

403 1615 688 1704 puellam
731 1632 876 1680 cum
918 1616 1223 1702 prodigio
1570 1620 1653 1683 ⁷5

490 1718 578 1784 ad
621 1719 821 1785 vitam
868 1722 1223 1786 revocavit.

403 1898 528 1978 Qui
575 1919 717 1966 cum
763 1889 1218 1986 peccatoribus

491 2003 869 2087 frequenter
914 2005 1326 2072 manducavit

401 2105 632 2190 hisque
677 2111 1132 2193 poenitentibus

488 2220 766 2296 peccata
813 2213 1150 2278 relaxavit.
1564 2211 1651 2276 80

406 2389 609 2480 Cujus
654 2393 861 2479 pedes
905 2395 1187 2459 lacrimis

491 2499 827 2582 peccatrix
869 2498 1167 2581 irrigavit

410 2601 766 2684 dolensque
812 2622 897 2667 ex
942 2602 1177 2666 intimis

492 2707 748 2769 veniam
792 2705 1176 2788 impetravit.

407 2882 529 2966 Qui
572 2885 636 2948 in
680 2892 896 2949 monte
942 2882 1187 2950 deforis
1562 2884 1650 2950 85

496 2986 759 3077 Thabor
804 2987 1302 3071 transfiguratur

408 3098 475 3155 et
518 3092 788 3175 gloriosi
835 3093 1130 3177 corporis

492 3198 803 3281 majestas
849 3198 1235 3264 declaratur.

405 3376 569 3444 Cum
615 3381 845 3464 palmis
894 3379 1196 3444 celeriter

493 3485 559 3546 in
603 3486 829 3549 urbem
876 3503 1063 3566 quem
1109 3481 1461 3564 duxerunt,
1568 3483 1650 3545 90

406 3573 684 3668 vespere
731 3585 847 3650 sed
894 3586 1165 3670 turpiter

493 3706 768 3754 vacuum
812 3690 1203 3755 dimiserunt.

405 3850 483 3918 ln
526 3871 712 3918 coena
756 3855 864 3935 qui
910 3854 1258 3918 novissima

494 3955 698 4039 pedes
745 3975 1005 4020 suorum
1048 3956 1210 4021 lavit
1296 3937 1305 3946 ⁶

407 4058 690 4142 escaque
736 4060 1133 4126 nobilissima
1569 4063 1654 4129 95

497 4181 642 4228 cum
685 4166 997 4248 sanguine
1044 4166 1299 4232 cibavit.

404 4323 482 4391 ln
524 4325 720 4391 horto
761 4336 974 4393 mente
1022 4329 1216 4395 anxia

493 4430 750 4512 prolixe
795 4434 904 4515 qui
950 4434 1161 4499 oravit

405 4535 478 4593 et
521 4551 751 4614 aquam
795 4557 935 4621 prae
982 4540 1240 4605 tristitia

495 4651 640 4700 cum
684 4643 994 4723 sanguine
1043 4642 1316 4710 sudavit.
1531 4643 1658 4708 100

1760 423 1959 503 Quem
2005 425 2131 490 viri
2174 424 2449 492 malefici

1844 527 2194 593 crudeliter
2241 531 2586 596 vinxerunt

1756 627 2099 714 Annaeque
2138 632 2432 717 pontifici

1845 733 2115 817 ligatum
2149 733 2573 801 adduxerunt.

1760 910 2022 977 Vultum
2067 912 2253 997 cujus
2299 914 2595 997 turpibus
2980 915 3021 980 5

1847 1016 2055 1099 sputis
2100 1016 2513 1082 maculabant

1762 1127 1830 1184 et
1872 1139 2237 1204 pugnarum
2281 1120 2514 1184 ictibus

1848 1223 1990 1287 dire
2033 1226 2488 1289 verberabant.

1761 1400 1964 1480 Quem
2007 1402 2197 1468 Pilati
2235 1404 2498 1470 sedibus

1846 1506 2274 1572 damnandum
2319 1510 2812 1593 praesentabant
2932 1511 3018 1577 10

1760 1617 1954 1693 atque
1998 1611 2177 1676 falsis
2222 1613 2494 1679 testibus

1846 1710 2075 1777 dolose
2120 1717 2530 1779 accusabant.

1755 1890 1828 1960 A
1868 1893 1915 1959 J
1917 1892 2118 1962 udaeis
2166 1894 2516 1960 exhibitum

1845 1995 2142 2061 Herodes
2188 2016 2375 2079 quem
2420 1998 2672 2081 invisit,

1758 2099 1875 2164 sed
1929 2120 2051 2184 per
2097 2099 2473 2188 despectum
2518 2101 2807 2168 habitum
2929 2106 3015 2170 15

1841 2211 1912 2268 ut
1957 2203 2199 2268 fatuum
2239 2205 2500 2269 remisit.

1758 2383 1958 2463 Quem
2001 2384 2289 2451 indutum
2334 2407 2625 2474 purpura

1844 2490 2159 2556 columnae
2209 2492 2545 2575 alligatum

1759 2613 2002 2661 corona
2047 2598 2281 2681 pungit
2324 2599 2588 2681 spinea,

1840 2698 2122 2783 flagellis
2166 2703 2597 2766 verberatum.
2921 2703 3013 2769 2⁰

1754 2881 1952 2961 Quem
1998 2885 2391 2949 conscissum
2438 2885 2814 2952 vulneribus

1841 2988 2072 3051 milites
2118 2990 2592 3053 subsannarunt

1757 3108 1836 3155 ac
1882 3088 2271 3175 „crucifige“
2321 3094 2590 3170 vocibus

1841 3194 2057 3261 Judaei
2104 3196 2601 3261 conclamarunt.

1756 3374 1844 3443 Ut
1888 3397 2067 3442 reum
2112 3398 2301 3462 quem
2345 3379 2616 3444 sceleris
2927 3381 3008 3446 25

1841 3481 2086 3546 Pilatus
2133 3483 2612 3567 condemnavit,

1756 3588 1967 3651 crucis
2011 3586 2255 3670 lignum
2299 3587 2581 3652 humeris

1844 3690 2125 3774 propriis
2171 3690 2501 3775 bajulavit.

1759 3851 2085 3918 Calvariae
2139 3873 2328 3935 quem
2372 3853 2661 3919 vestibus

1844 3958 1994 4023 loco
2039 3965 2355 4021 exuerunt
2922 3955 3010 4021 30

1759 4071 1827 4128 et
1869 4082 2096 4127 manus
2142 4081 2283 4127 cum
2327 4061 2601 4146 pedibus

1848 4171 2025 4236 cruci
2071 4169 2435 4237 affixerunt.

1758 4333 1891 4400 Pto
1932 4335 2064 4400 suis
2107 4336 2463 4401 tortoribus

1847 4445 2092 4503 attente
2135 4439 2242 4505 hic
2283 4447 2623 4525 precatur,

1762 4540 1915 4607 dum
1959 4543 2168 4608 crucis
2215 4541 2553 4609 doloribus

2927 4546 3024 4611 35

1848 4650 2154 4710 extensus
2176 4647 2556 4714 ,tenebatur
3148 4611 3151 4648 ³
