3167 5242
542 455 613 512 V.
651 455 723 510 10
754 454 969 511 kommt
1003 454 1148 510 auch
1181 452 1243 508 in
1282 450 1391 509 No.
1410 452 1535 522 364,
1554 452 1592 508 9
1625 466 1756 523 vor,
1789 450 1883 507 ich
1908 450 2060 509 kann
2078 452 2297 526 jedoch
2322 451 2478 509 nicht
2504 467 2702 526 sagon,
2738 454 2997 512 welches

367 541 512 600 Lied
545 541 852 598 denselben
887 541 1141 597 entlehnt
1174 540 1290 596 hat.

550 630 619 684 V.
654 631 743 685 20.
798 628 1122 698 mediatrix,
1170 629 1440 702 μεσιτρία.
1491 624 1639 682 Nov.
1673 627 1726 682 8.
1799 627 1930 699 Ipsa
1963 624 2261 683 mediatrix
2294 634 2525 701 nostra,
2562 628 2688 700 ipsa
2723 634 2845 699 est,
2892 646 2997 700 per

370 733 543 792 quam
576 717 924 789 suscepimus
956 716 1405 773 misericordiam
1439 719 1595 771 tuam
1629 715 1794 787 deus,
1829 717 1956 788 ipsa
1987 721 2096 786 est,
2129 732 2237 788 per
2270 733 2438 789 quam
2473 723 2533 774 et
2565 734 2673 774 nos
2710 717 2997 773 dominum

370 808 567 865 Jesum
600 807 659 861 in
694 807 892 863 domos
927 810 1158 861 nostras
1195 804 1513 875 excipimus.
1574 803 1635 860 S.
1672 805 1933 862 Bernard.
1981 805 2040 860 in
2076 811 2345 877 assumpt.
2382 822 2548 862 serm.
2584 810 2638 876 2,
2672 807 2728 858 2.
2799 803 2998 859 Daher

368 893 554 950 hoissi:
588 893 670 949 sie
704 891 850 947 auch
887 890 978 946 die
1013 890 1238 945 Brt‘icko
1274 889 1375 944 der
1400 888 1734 961 Gliiubigen,
1770 889 2104 966 χριστιανῶν
2137 889 2173 962 ἦ
2209 891 2404 965 βεβαία
2438 895 2674 968 γέφυρα.
2744 892 2994 947 Triodt'on

368 981 439 1051 0,
475 981 527 1035 5.
596 981 677 1037 lm
710 977 1023 1050 Vergleich
1068 977 1169 1032 mit
1212 978 1335 1034 Eva
1382 974 1531 1031 wird
1575 976 1667 1032 die
1704 976 2082 1051 Vermittlung
2129 978 2255 1034 also
2302 978 2656 1035 betrachtet:
2726 976 2991 1045 Crudelis

364 1066 670 1124 mediatrix
704 1065 854 1133 Eva,
912 1078 1016 1135 per
1062 1079 1228 1134 quam
1261 1076 1494 1133 serpens
1530 1064 1793 1134 antiquus
1827 1063 2159 1135 pestiferum
2192 1066 2362 1121 etiam
2398 1066 2509 1138 ipsi
2543 1068 2673 1122 viro
2709 1065 2876 1120 virus
2911 1065 2993 1120 in-

369 1149 536 1223 fudit,
573 1153 673 1208 sed
706 1149 890 1206 fidelis
924 1151 1121 1220 Maria,
1159 1166 1285 1222 quae
1321 1150 1523 1207 salutis
1559 1152 1872 1208 antidotum
1910 1159 1969 1210 et
2002 1153 2142 1208 viris
2181 1158 2242 1209 et
2277 1155 2604 1210 mulieribus
2639 1154 2986 1226 propinavit

368 1232 437 1299 Β.
487 1240 750 1296 Bernard.
800 1239 952 1295 dom.
994 1236 1095 1294 inf.
1152 1244 1263 1297 oct.
1319 1245 1589 1311 assumpt.
1642 1242 1696 1295 2.
1786 1242 1849 1295 σὲ
1884 1240 1982 1314 τὴν
2016 1239 2418 1314 psat-tudonem
2452 1242 2546 1314 τὴν
2584 1248 2860 1319 σωτηρίαν
2891 1239 2988 1298 to&

366 1327 563 1402 γένους
609 1323 765 1398 ἡμῶν
812 1323 1167 1399 &mareium
1223 1327 1505 1383 Pentocoet.
1539 1342 1594 1398 p.
1629 1327 1717 1383 81.
1788 1328 1977 1385 Ueber
2021 1328 2112 1384 die
2159 1329 2491 1403 Bedeutung
2537 1346 2654 1385 von
2699 1331 2988 1385 mediatrix

365 1413 461 1471 als
495 1413 840 1476 Fiirbitterin
878 1414 1002 1470 sieh
1036 1414 1146 1471 No.
1181 1415 1307 1485 368,
1342 1416 1393 1470 4.

1016 1694 1191 1770 336.
1265 1697 1384 1771 De
1439 1700 1901 1797 conceptione
1954 1724 2010 1770 s.
2060 1699 2333 1772 Mariae.

367 1910 734 1998 conceptio
779 1914 1012 1982 Mariae
1054 1917 1327 2001 virginis
1343 1964 1361 2000 ‚
1727 1929 1794 1985 te
1838 1922 2179 2003 signarunt
2223 1938 2344 1988 ora
2387 1922 2806 2007 prophetica,

364 2033 517 2099 quae
559 2035 681 2080 nos
726 2018 888 2083 lavit
931 2038 972 2082 a
1015 2020 1165 2086 labe
1211 2020 1527 2105 criminis,
1725 2026 1844 2091 tibi
1889 2026 2062 2090 canit
2106 2022 2417 2089 Salomon
2461 2027 2716 2091 cantica

451 2118 823 2183 celebratur
865 2118 1062 2184 hodie
1080 2168 1098 2203 ,
1726 2129 2150 2208 canticorum,
2196 2135 2262 2194 te
2304 2146 2440 2193 vox
2484 2129 2788 2212 angelica

451 2217 592 2282 dies
637 2218 742 2284 e'st
780 2219 1049 2287 laetitiae.
1809 2235 2227 2313 protestatur.

362 2318 453 2384 de
493 2321 719 2386 radice
759 2320 959 2387 Jesse
1000 2325 1383 2407 propaginis
1576 2329 1619 2391 5

359 2422 535 2487 hanc
577 2422 801 2487 eduxit
842 2425 946 2488 μοι
986 2427 1133 2489 veri
1173 2428 1428 2491 luminis
1719 2411 2008 2480 Verbum
2022 2416 2228 2501 patris
2239 2419 2881 2504 processutemporis
2895 2421 2980 2487 25

449 2543 647 2590 manu
689 2524 1029 2608 sapientiae
1044 2571 1062 2608 ‚
1718 2516 1919 2583 intrat
1947 2520 2040 2584 tui
2069 2528 2391 2586 secretum
2420 2523 2737 2608 corporis,

452 2648 591 2697 suae
636 2631 947 2714 templum
991 2631 1241 2714 gloriae.
1717 2618 1787 2684 in
1831 2629 1896 2686 te
1941 2628 2145 2687 totum
2190 2630 2258 2688 et
2304 2631 2506 2690 totum
2554 2625 2800 2691 deforis

1805 2725 1993 2789 simul
2037 2727 2175 2790 fuit.

362 2813 579 2882 Stella
622 2833 796 2880 nova
838 2818 1096 2882 noviter
1141 2818 1377 2903 oritur,
1717 2827 1966 2893 fructus
2010 2830 2230 2894 virens
2276 2833 2519 2897 arentis
2557 2833 2832 2899 arboris¹

360 2917 550 3001 cujus
581 2927 731 2983 ortu
750 2935 926 2983 mors
949 2927 1172 2985 nostra
1192 2923 1478 3008 moritur,
1530 2925 1616 2991 10
1719 2928 2018 2997 Christus
2047 2933 2238 3017 gigas
2268 2935 2562 3007 immensi
2588 2937 2845 3003 roboris
2886 2935 2970 3001 30

356 3018 527 3088 Evae
569 3021 793 3106 lapsus
828 3022 974 3106 jam
1019 3026 1375 3093 restituitur
1717 3051 1839 3099 nos
1885 3055 1926 3099 a
1969 3055 2143 3102 nexu
2185 3037 2424 3104 funesti
2464 3039 2764 3123 pignoris

444 3124 518 3189 in
559 3125 790 3191 Maria
1146 3126 1155 3135 '
1803 3138 2058 3222 eripuit.

356 3233 435 3294 ut
476 3246 716 3295 aurora
752 3248 1030 3315 surgens
1073 3233 1513 3321 progreditur,

354 3333 538 3400 ‘velut
580 3336 732 3402 luna
781 3338 1058 3421 pulchra
1102 3339 1523 3427 describitur,
1716 3324 1774 3391 ⁰
1814 3326 2045 3412 Maria,
2092 3330 2281 3396 dulce
2326 3334 2776 3400 commercium

354 3453 560 3523 super
603 3447 839 3506 cuncta
879 3449 952 3507 ut
993 3440 1099 3507 sol
1142 3444 1413 3527 erigitur
1528 3445 1611 3510 15
1714 3433 1888 3500 intra
1933 3443 2107 3502 tuum
2154 3437 2382 3504 celasti
2425 3442 2762 3524 gremium,

444 3538 645 3623 vil-30
685 3542 815 3626 pia,
1717 3555 1844 3620 quo
1890 3540 2115 3605 salutis
2158 3541 2293 3605 reis
2336 3543 2694 3609 remedium
2881 3541 2962 3607 35

1798 3641 2198 3725 indulgetur.

357 3725 572 3813 ‘Virgo
616 3731 904 3799 clemens
951 3742 1019 3801 et
1058 3736 1251 3822 virgo
1295 3742 1486 3808 unica
1501 3786 1521 3826 ‚
1712 3760 1755 3809 o
1797 3764 1962 3811 vera
2006 3765 2162 3831 spes
2204 3756 2273 3814 et
2313 3768 2542 3816 verum
2585 3750 2924 3835 gaudium,

353 3831 557 3916 virga
594 3832 771 3919 fumi,
817 3835 937 3900 sed
983 3841 1354 3926 aromatica,
1711 3847 1821 3914 fao
1865 3857 2018 3933 post
2059 3852 2216 3917 vitae
2256 3856 2604 3938 praesentis
2639 3855 2922 3937 stadium

352 3933 425 4002 in
466 3942 534 4001 te
578 3934 728 4002 coeli
770 3938 1116 4023 mundique
1159 3940 1412 4011 fabrica
1711 3959 1784 4017 ut
1826 3959 2117 4038 optatum
2160 3954 2228 4019 in
2272 3957 2456 4023 coelis
2495 3958 2788 4025 bravium

445 4040 785 4123 gloriatur.
1524 4049 1611 4114 20
1797 4055 1988 4121 nobis
2035 4056 2243 4122 detur.
2880 4058 2968 4125 40

528 4222 916 4282 Reichenauer
957 4226 1319 4300 Antiphonar
1360 4246 1431 4287 zu
1478 4231 1795 4290 Karlsruhe
1841 4237 1949 4294 No.
1984 4240 2107 4295 209.
2153 4240 2238 4297 Bl.
2274 4243 2362 4298 43.
2409 4244 2512 4300 mit
2556 4244 2658 4300 der
2702 4244 2964 4315 Melodic,

346 4308 424 4363 14
453 4308 646 4367 Jahrb.
665 4351 680 4382 ,
732 4314 879 4369 nach
926 4312 1036 4370 den
1069 4315 1496 4388 Halbstrophen
1542 4337 1669 4375 zum
1703 4323 2204 4401 Wechselgesang
2252 4330 2630 4402 eingerichtet
2666 4332 2798 4408 (Α).
2867 4333 2966 4390 ns·

344 4394 428 4449 im
459 4395 719 4454 Seminar
752 4417 824 4457 zu
858 4401 1069 4475 Trient‚
1107 4405 1177 4459 14
1204 4404 1400 4460 Jahrh.
1437 4405 1538 4462 mit
1571 4406 1673 4463 der
1698 4408 1938 4470 melodie
1978 4415 2105 4485 (B),
2142 4431 2238 4472 wo
2278 4434 2340 4472 es
2375 4417 2685 4488 Sequentia
2719 4421 2778 4476 in
2814 4424 2964 4477 nati·-

342 4486 502 4539 vitate
534 4484 606 4543 M.
642 4500 695 4542 v,
728 4489 1169 4548 iiberschrieben
1204 4493 1283 4549 ist
1316 4492 1430 4549 und
1466 4493 1644 4551 daher
1674 4497 1776 4554 mit
1807 4498 2060 4557 Nativilaa
2092 4501 2355 4577 anffingt.
2421 4504 2518 4562 Hs.
2554 4506 2654 4564 des
2691 4508 2964 4565 Klosters

340 4566 408 4628 S.
441 4569 588 4626 Paul
620 4573 679 4628 in
715 4575 972 4634 Kirnten
1006 4580 1116 4637 No.
1150 4582 1223 4637 48
1259 4581 1361 4638 des
1400 4583 1468 4638 15
1500 4583 1699 4641 Jahrb.
1749 4583 1880 4658 (O).
1952 4588 2047 4644 Hs.
2081 4607 2156 4646 zu
2188 4591 2466 4651 hiim-,hen
2501 4596 2658 4668 Cgm.
2691 4597 2798 4653 No.
2836 4598 2962 4651 101.

342 4655 454 4713 des
491 4660 562 4717 14
585 4660 783 4719 Jahrb.
816 4664 919 4722 mit
951 4665 1055 4723 der
1071 4667 1314 4733 melodie
1343 4669 1468 4747 (E).
1536 4671 1638 4731 Hs.
1670 4672 1771 4731 des
1798 4673 2066 4737 Klosters
2100 4679 2160 4742 S.
2179 4679 2353 4741 Peter
2388 4680 2449 4739 in
2473 4682 2762 4758 salzburg
2783 4683 2854 4741 V.
2873 4684 2960 4746 16,
