3167 5242
2579 309 2720 375 ’29

102 505 158 568 8.
199 501 317 570 Ille
362 502 548 568 nobis
593 452 827 565 cuncta
900 550 906 555 .
1121 508 1131 516 ·
1535 505 1731 579 mota,
1778 516 1925 579 quae
1971 464 2352 581 deposcunt,

192 613 269 671 ut
314 582 590 669 dimittat
620 603 916 687 pleniter
961 598 1239 667 delicta.
1454 627 1459 633 ¹
1495 614 1696 678 ..anre
1736 600 1998 684 suscipe
2043 600 2342 684 benigna·
2384 637 2390 644 .

196 743 304 810 Et
326 743 575 809 aeterna
608 741 903 809 demens
1420 778 1426 783 ’
1539 765 1628 833 Et
1649 766 1792 832 'nos
1838 773 1948 832 tuo
1993 768 2342 832 munimine
2624 770 2708 833 65

200 849 443 914 tribuat
487 847 783 912 ornarier
820 840 1081 911 corone.
1264 843 1354 907 60.
1539 871 1784 936 tuearis
1809 869 2086 952 'sedule'

1541 973 1752 1038 donec
1793 980 2047 1038 nosmet
2089 994 2298 1057 regna

105 1040 161 1104 9·
205 1037 257 1103 0
303 1056 474 1104 1¹¹¹ssss
520 1038 827 1104 Gaelffl'um
872 1035 1156 1117 d⁰m¹¹¹a²
1544 1077 1750 1141 dones
1795 1076 2113 1142 scandere
2157 1095 2459 1162 superna.

202 1140 585 1206 famulorum
627 1140 899 1205 vocibus
1000 1178 1010 1185 ·

269 1325 366 1381 Hs.
398 1341 474 1379 -zu
514 1324 813 1391 Μιῖιιοῑιοιι,
873 1321 1008 1378 Clm.
1045 1322 1237 1377 14083.
1278 1319 1325 1376 ·f.
1359 1321 1447 1375 26.
1495 1319 1593 1377 des
1632 1322 1696 1373 11
1733 1319 1930 1375 Jahrb.
1981 1320 2083 1376 mit
2117 1320 2379 1376 Neumen'
2403 1323 2534 1392 (A).
2603 1322 2702 1379 Hs.

101 1426 168 1465 zu
212 1410 271 1467 S.
317 1410 521 1467 Gallen
568 1409 670 1466 No.
719 1411 842 1464 378.
890 1425 943 1479 p.
990 1409 1114 1463 256.
1174 1409 1276 1463 mit
1321 1408 1600 1474 Neumen,
1669 1411 1834 1461 unter
1879 1406 2134 1463 Notkers
2182 1407 2512 1477 Sequenzen
2576 1410 2705 1480 (Β).

104 1495 261 1551 Diese
297 1497 391 1553 Hs.
430 1496 557 1569 gibt
592 1496 897 1569 Auleitung
943 1506 1047 1550 zur
1088 1495 1433 1563 metrischen
1465 1493 1964 1566 Abthessung·des
1987 1494 2212 1563 Liedes,
2275 1488 2459 1550 inde'm
2495 1496 2576 1551 sie
2613 1495 2705 1551 die

100 1581 492 1656 Versanfa'nge
525 1585 585 1638 in
621 1584 726 1638 den
762 1584 1048 1638 Αὴεὲιιειι
1086 1582 1224 1637 oder
1243 1582 1528 1652 Strophen
1564 1580 1667 1637 mit
1701 1597 1946 1652 grossen
1973 1582 2331 1637 Buchstaben
2359 1582 2705 1653 bezeichnet‚

101 1673 231 1730 aber
265 1673 421 1728 nicht
456 1672 680 1727 iiberall
714 1671 928 1743 richtig
962 1669 1074 1725 und
1108 1670 1482 1743 vollstiindig.
1555 1671 1609 1725 A
1645 1671 1745 1726 hat
1778 1685 1885 1727 nur
1921 1670 2010 1726 die
2038 1669 2455 1728 Ueberschrift:
2495 1671 2564 1725 de
2590 1675 2706 1726 nat.
2763 1688 2773 1698 ·
2804 1736 2808 1740 ,

102 1780 143 1818 s.
175 1762 384 1824 Mariae.

268 1904 316 1956 1.
350 1903 400 1955 2.
438 1900 687 1975 solennis
723 1898 834 1953 diei
868 1900 932 1966 B,
966 1899 1233 1953 metrisch
1269 1897 1411 1952 eben
1446 1912 1514 1952 so
1550 1902 1669 1977 gut.
1735 1897 2032 1978 4‚gemina
2067 1899 2160 1954 B.·
2201 1898 2236 1954 8
2273 1899 2697 1955 theotochosA.
2740 1883 2746 1889 ⁵

28 1986 35 1993 ‘
100 1988 164 2042 10
195 1988 375 2044 Jessae
412 1988 480 2042 A.
552 1988 621 2040 19
658 1985 1006 2056 propheticis
1042 1985 1108 2040 A.
1183 1986 1254 2039 32
1288 1983 1620 2039 ‘salemonis
1667 1984 1748 2038 A.'
1816 1987 1888 2039 33
1924 1986 2149 2058 majora
2185 1988 2251 2042 A.
2323 1989 2395 2043 48
2431 1984 2599 2060 gravi
2634 1989 2701 2044 A.

101 2076 162 2129 51
205 2076 315 2132 hoc
352 2075 419 2129 B.
492 2075 561 2127 56
596 2077 895 2141 natumque
931 2073 995 2125 B.
1067 2072 1138 2125 58
1173 2070 1416 2125 dimittet
1447 2071 1515 2125 A.
1585 2071 1656 2125 63
1692 2074 1938 2141 votaque
1976 2071 2097 2142 dep.
2133 2073 2199 2127 A.

186 2212 190 2216 “
267 2211 334 2267 V.
372 2212 424 2265 6.
459 2213 507 2264 7.
561 2199 895 2281 regalibus.
931 2210 1017 2265 29.
1053 2208 1138 2264 35.
1172 2211 1260 2266 36.
1321 2208 1482 2265 Auch
1528 2200 1623 2263 bei
1658 2208 1767 2261 den
1801 2207 2078 2264 Griechen
2112 2210 2188 2264 ist
2224 2210 2313 2265 die
2353 2211 2705 2285 Benennung
2771 2236 2780 2243 ·

100 2297 344 2370 Konigin
399 2294 495 2352 fiir
541 2297 721 2353 Maria
773 2297 905 2352 sehr
952 2293 1161 2369 Ιιὲιιίὶς.
1233 2296 1535 2371 βασίλισσα
1587 2297 1871 2367 πέφυκας,
1936 2295 2031 2352 τὸν
2076 2296 2307 2373 βασιλέα
2339 2294 2530 2372 κύριον
2563 2293 2703 2373 ὑπὲρ

44 2377 49 2383 ’
98 2378 253 2459 λόγον
307 2375 542 2441 τεκοῦσα
587 2384 682 2441 τὸν
730 2382 1065 2440 διαλύσαντα
1094 2381 1286 2442 ’Ἅιδου
1330 2382 1400 2439 τὰ
1446 2383 1710 2457 βασίλεια.
1762 2383 1917 2455 Sept.
1966 2385 2052 2438 25.
2137 2383 2364 2440 Andere
2399 2383 2612 2457 Belege
2646 2385 2708 2440 in

101 2471 198 2529 No.
232 2473 357 2541 340,
394 2474 445 2527 2.

265 2558 334 2613 V.
372 2560 455 2613 17.
509 2558 837 2630 prophetiis.
890 2559 987 2629 τὴν
1022 2556 1265 2630 κεφαλὴν
1314 2555 1413 2629 τῆς
1459 2563 1796 2635 προφητείας
1828 2554 2081 2614 Ἰουδαῖοι
2116 2553 2217 2614 οὐκ
2249 2559 2471 2629 ἔχουσι,
2519 2556 2583 2615 τὸ
2618 2578 2705 2615 κε-

103 2644 326 2718 φάλαιον
351 2643 534 2716 πάσης
559 2651 893 2722 προφητείας
918 2645 1162 2723 Χριστὸν
1186 2642 1391 2716 Ἰησοῦν
1418 2640 1756 2722 ἀρνούμενοι.
1794 2645 2075 2716 Oriqenis
2056 2662 2115 2700 ιιι
2134 2645 2330 2703 matth.
2359 2651 2493 2703 tom.
2513 2647 2599 2715 10,
2615 2649 2702 2704 22.

261 2733 326 2789 V.
362 2738 512 2789 22-
525 2735 612 2788 26.
665 2733 839 2790 Nullo
874 2733 1044 2793 modo
1083 2732 1340 2788 Christus
1373 2737 1610 2789 matrem
1645 2732 1929 2789 nascendo
1966 2730 2187 2788 faceret
2221 2712 2585 2803 deteriorem,
2622 2738 2706 2805 ut,

103 2821 186 2875 cui
216 2838 413 2877 munus
448 2817 808 2876 fecunditatis
841 2820 1130 2890 attulerat,
1165 2819 1336 2875 decus
1370 2819 1720 2892 virginitatis
1755 2817 2025 2876 auferret.
2092 2820 2217 2876 haec
2253 2820 2553 2889 veraciter,
2586 2836 2703 2876 non

103 2904 378 2965 fallaciter
413 2905 572 2964 facta
606 2913 751 2977 sunt,
787 2909 890 2963 sed
922 2923 1074 2964 nova
1100 2913 1246 2977 sunt,
1284 2906 1383 2963 sed
1410 2907 1645 2965 insolita
1671 2912 1801 2963 sunt
1824 2947 1838 2976 ,
1875 2906 1977 2962 sed
2004 2912 2207 2963 contra
2231 2911 2451 2963 naturae
2480 2924 2705 2964 cursum
2731 2928 2740 2937 ·

106 2995 442 3051 notissimum
481 2999 638 3065 sunt,
674 2996 807 3066 quia
840 3009 1077 3066 magna,
1112 2995 1244 3066 quia
1281 2994 1456 3063 mira,
1493 2995 1628 3065 quia
1669 2993 1873 3062 divina,
1910 2999 1970 3050 et
2005 3011 2076 3051 eo
2111 2994 2294 3068 magis
2332 3011 2489 3066 vera,
2526 3000 2704 3065 certa,

106 3074 330 3138 firmata.
384 3087 651 3154 Angustia.
689 3087 892 3138 contra
924 3082 1121 3147 Faust.
1146 3083 1234 3151 29,
1269 3084 1318 3136 4.
1399 3080 1529 3138 Non
1578 3080 1908 3149 dubitabitis
1948 3081 2227 3151 virginem
2262 3081 2577 3153 parientem
2591 3122 2606 3151 ‚
2651 3082 2703 3136 si

104 3167 282 3224 velitis
316 3172 551 3226 credere
588 3169 751 3225 deum
785 3157 1140 3225 nascentem‘
1170 3158 1381 3240 Auqnst.
1418 3167 1487 3223 de
1520 3164 1635 3224 fide
1672 3183 1784 3223 rer.
1821 3170 1872 3222 5.
1944 3168 2065 3224 Deo
2102 3168 2426 3241 hujusmodi
2461 3169 2704 3225 decebat

107 3254 378 3325 nativitas,
415 3273 530 3329 qua
564 3255 788 3312 nonnisi
823 3255 891 3310 de
927 3256 1152 3328 virg-ine
1187 3261 1546 3325 nasceretur3
1582 3254 1718 3311 talis
1755 3253 2110 3325 congruebat
2145 3260 2205 3310 et
2243 3255 2456 3327 virgini
2490 3260 2704 3327 partus,

105 3342 163 3396 ut
192 3356 301 3396 non
333 3349 570 3414 pareret
601 3343 712 3399 nisi
747 3344 924 3400 deum.
976 3343 1037 3400 S.
1073 3344 1334 3400 Ber-nard.
1368 3343 1515 3398 hom.
1548 3344 1603 3412 2,
1641 3344 1689 3395 1.
1759 3340 1820 3397 S.
1856 3341 1962 3397 No.
1997 3342 2085 3410 30,
2123 3341 2173 3396 8.

276 3429 340 3484 V.
376 3433 464 3487 39.
501 3430 586 3484 40.
650 3430 908 3486 Christus
955 3445 1126 3485 verus
1173 3435 1233 3485 et
1279 3444 1521 3485 summus
1569 3443 1672 3483 rex
1724 3425 2187 3484 Christianorum.
2240 3428 2506 3499 ,inqu-stin.
2556 3433 2705 3488 cont.

110 3511 363 3574 Gaudent.
395 3521 491 3573 21.
562 3516 618 3573 S.
655 3516 762 3571 No.
800 3518 888 3586 79,
920 3518 971 3571 2.

270 3604 334 3659 V.
369 3609 457 3662 43.
494 3607 581 3660 44.
633 3604 817 3675 Super
855 3603 1043 3659 omnia
1077 3603 1347 3659 unitatem
1398 3606 1457 3657 et
1501 3615 1701 3674 pacem
1746 3615 1783 3656 a
1830 3601 1996 3656 nobis
2034 3601 2267 3673 exigunt
2302 3602 2494 3674 angeli
2528 3603 2702 3674 pacis.

108 3685 355 3748 Bmard.
401 3694 463 3748 in
514 3689 666 3749 festo
719 3708 764 3745 s.
800 3689 1059 3747 Michael.
1112 3705 1278 3746 serm.
1317 3693 1368 3759 1,
1407 3691 1455 3743 5.
1526 3687 1788 3746 Christus
1841 3689 1941 3744 hat
1988 3688 2095 3744 den
2134 3689 2373 3746 Frieden
2421 3690 2706 3746 zwischen

111 3770 333 3833 nimmel
367 3777 485 3835 und
517 3777 666 3833 Erde
700 3776 916 3832 wieder
951 3775 1305 3848 hergestellt,
1341 3775 1480 3831 weil
1516 3791 1583 3831 er
1618 3774 1720 3830 der
1754 3774 1970 3834 Mittler
2003 3774 2097 3831 ist.
2146 3775 2350 3846 Ephes.
2385 3779 2437 3847 2,
2476 3779 2707 3833 13-17,

112 3859 224 3916 Auf
249 3863 402 3921 diese
439 3865 627 3922 Stelle
661 3865 813 3920 wird
846 3864 902 3920 in
939 3864 1049 3920 den
1083 3862 1323 3918 Liedern
1357 3856 1448 3918 oft
1481 3861 1884 3933 hingewiesen.
1927 3862 2036 3918 No.
2073 3864 2196 3933 386,
2232 3866 2284 3918 5.
2332 3864 2438 3922 Νο.
2466 3867 2590 3935 388,
2619 3869 2704 3922 22.

114 3934 208 4003 No.
245 3954 365 4022 390,
400 3954 490 4008 66.
559 3951 663 4009 mit
695 3952 889 4023 Bezug
925 3947 1141 4007 darauf
1164 3954 1298 4021 sagt
1330 3949 1546 4006 Hieron.
1579 3949 1641 4005 in
1674 3965 1760 4022 ep.
1794 3949 1868 4006 ad
1892 3949 2095 4022 Ephes.
2133 3953 2251 4020 1,1.
2284 3967 2397 4024 pax
2422 3952 2720 4008 referatur

112 4032 179 4089 ad
210 4036 506 4097 Christum.

274 4124 338 4183 V.
372 4128 601 4184 49-51,
643 4126 898 4198 Chryso-st.
929 4123 988 4181 in
1023 4141 1111 4195 ps.
1146 4126 1235 4194 45,
1270 4127 1320 4182 3.
1356 4130 1490 4197 sagt
1521 4139 1639 4182 von
1676 4123 1962 4181 Christus:
2001 4122 2239 4197 πόλεμον
2273 4123 2517 4193 χαλεπὸν
2549 4128 2708 4181 κατέ-

114 4204 230 4268 λυσε
267 4213 358 4271 τὸν
396 4213 506 4271 τῶν
534 4204 810 4287 δαιμόνων
843 4216 935 4269 καὶ
968 4209 1259 4282 πανταχοῦ
1291 4213 1389 4285 τῆς
1425 4214 1740 4287 οἰκουμένης
1775 4212 1871 4285 τὴν
1907 4210 2115 4289 εἰρήνην
2151 4212 2388 4279 ἐξέτεινε.

277 4352 339 4409 Ιιι
391 4355 493 4411 der
540 4355 880 4415 nfinehener
925 4353 1023 4410 ns.
1072 4352 1211 4408 Glm.
1262 4353 1418 4409 7815.
1465 4350 1507 4411 f.
1540 4355 1612 4410 43
1662 4353 1765 4411 des
1801 4355 1869 4408 15
1904 4353 2103 4409 Jahrh.
2151 4352 2306 4409 steht
2338 4351 2441 4407 der
2475 4349 2706 4424 Anfang

117 4433 263 4494 eines
312 4442 511 4500 Liedes
565 4440 672 4499 auf
716 4442 904 4498 dieses
956 4441 1122 4511 rest,
1184 4441 1435 4497 welches
1488 4442 1632 4499 aber
1682 4442 1786 4498 mit
1836 4441 2016 4497 einem
2069 4441 2442 4512 prosaischeu
2492 4439 2714 4499 (iubete

116 4522 366 4586 nchliesst
379 4570 396 4601 ,
443 4529 556 4597 und
590 4531 799 4587 seinem
833 4528 1020 4585 Inhalt
1053 4530 1203 4585 nach
1234 4529 1605 4587 unvellendet
1637 4529 1728 4586 ist.
1797 4529 1872 4585 Es
1909 4528 2092 4584 lautet
2126 4527 2281 4584 also:

246 4616 365 4671 Ave
401 4617 523 4674 dies
551 4618 925 4688 laetabundus,
1593 4631 1665 4673 ex
1698 4632 1852 4674 nova
1884 4613 2101 4671 laetitia.

148 4734 161 4744 -
244 4700 305 4759 in
336 4720 451 4777 quo
482 4710 641 4764 totus
674 4706 890 4780 gaudet
920 4703 1155 4763 mundus
