3167 5242
158 448 224 517 Ο
275 450 556 521 dulcedo
598 454 966 543 virginalis,

151 567 504 640 nunquam
539 557 662 625 fuit
702 579 825 627 nec
866 567 968 627 est
1009 563 1157 628 talis

147 656 343 723 inter
384 666 575 726 natas
618 662 971 728 mulierum.

147 761 451 828 omnium
494 770 751 828 creator
792 785 1012 830 rerum

149 866 233 926 te
283 861 488 946 elegit
528 865 924 947 genitricem.

149 1020 294 1103 Qui
337 1024 610 1094 Mariam
650 1031 1085 1114 peccatricem

151 1128 544 1195 emundavit
586 1151 627 1196 a
669 1140 886 1218 reatu,
1327 1142 1414 1205 35

151 1228 312 1315 ipse
353 1250 458 1296 me
500 1238 613 1297 tuo
655 1243 928 1317 precatu

154 1352 200 1397 a
247 1335 540 1416 peccatis
585 1338 829 1402 cunctis
875 1346 1125 1426 tergat,

151 1454 245 1499 ne
292 1436 584 1503 infernus
628 1459 730 1504 me
776 1440 1133 1537 demergat.

145 1597 292 1687 Eja
336 1620 494 1669 rosa
538 1607 676 1672 sine
720 1611 942 1695 spina,

151 1714 582 1791 peccatorum
622 1713 941 1781 medicina
959 1764 979 1800 ,
1323 1723 1409 1788 40

152 1827 286 1893 pro
331 1830 435 1876 me
482 1809 805 1881 Christum
847 1820 1223 1907 interpella,

149 1919 233 1978 ut
277 1932 382 1977 me
428 1916 640 1983 salvet
684 1940 725 1984 a
759 1924 1051 2005 procella

153 2013 358 2099 hujus
401 2018 620 2084 mundi
663 2028 795 2086 tam
838 2024 1174 2112 immundi,

155 2117 351 2201 cujus
395 2119 626 2187 fluctus
667 2124 995 2194 furibundi

155 2222 336 2286 omui
378 2232 569 2307 parte
613 2246 715 2291 me
757 2230 1119 2314 impingunt
1322 2238 1408 2300 45

153 2329 228 2387 et
269 2326 529 2408 peccati
573 2345 743 2394 zona
786 2332 1068 2416 cingunt.

152 2483 420 2555 Christe
463 2490 558 2557 fili
600 2498 827 2561 summi
868 2500 1105 2584 patris,

157 2613 281 2679 per
322 2615 608 2664 ‚amorem
654 2608 782 2667 tuae
825 2606 1085 2689 matris,

152 2699 348 2784 cujus
391 2711 622 2767 venter
664 2713 731 2770 te
774 2709 1064 2792 portavit

161 2809 231 2866 et
273 2809 339 2867 te
384 2804 556 2871 dulci
598 2807 770 2874 lacte
816 2812 1025 2896 pavit,
1321 2819 1406 2883 50

160 2911 230 2968 te
272 2924 397 2989 per
440 2908 648 2991 ipsam
693 2927 813 2974 oro
855 2915 1167 2999 supplex,

159 3008 311 3090 quia
353 3016 425 3074 tu
468 3030 542 3076 es
587 3013 762 3077 salus
810 3014 1086 3102 duplex,

159 3111 336 3178 salus
380 3135 595 3182 rerum
638 3120 1104 3189 mundanarum

163 3222 356 3299 atque
399 3220 577 3287 salus
622 3224 992 3294 animarum.

161 3378 345 3449 Unde
388 3384 542 3451 licet
585 3408 826 3473 precor
868 3411 1054 3478 reuS,
1317 3399 1400 3461 55

163 3491 452 3556 ntiserere
492 3495 617 3559 moi
658 3495 837 3576 deus,

1401 790 1405 794 ·
1521 772 1865 840 miserator
1905 794 2051 840 nam
2095 796 2171 842 es
2212 798 2391 846 vere.

2654 277 2787 350 825

1524 460 1835 528 miserere
1878 457 1973 529 fili
2016 463 2152 549 dei,

1333 563 1419 628 30
1525 565 1868 651 miserere,
1907 587 2170 653 precor,
2217 573 2372 659 mei,

1521 669 1834 734 miserere
1849 717 1868 752 ,
1911 672 2258 761 miserere,

1521 934 1620 1054 'I'u
1661 996 1922 1073 peccata
1964 994 2098 1061 dele
2136 1014 2282 1065 mea

1519 1103 1590 1161 et
1630 1116 1743 1164 cor
1782 1104 2082 1170 mundum
2121 1109 2191 1172 in
2231 1124 2333 1174 me
2372 1125 2552 1191 crea,

1521 1199 1609 1267 da
1650 1220 1833 1287 spem
1874 1204 2154 1292 firmam,
2198 1208 2395 1276 fidem
2436 1218 2686 1280 rectam

1518 1305 1983 1392 caritatemque
2027 1311 2414 1398 perfectam,

1518 1413 1589 1470 et
1631 1408 1919 1475 concede
1962 1410 2154 1478 finem
2196 1416 2465 1502 bouum,
2675 1416 2762 1483 65

1520 1507 1694 1590 quod
1736 1519 1841 1576 est
1881 1531 2082 1597 super
2123 1533 2313 1581 omne
2355 1517 2631 1604 donum3

1517 1619 1592 1676 ut
1632 1613 1699 1677 iu
1747 1613 1946 1680 corde
1991 1618 2088 1682 sic
2130 1635 2561 1705 compungar,

1513 1721 1587 1781 ut
1629 1715 1884 1783 sincere
1927 1719 2045 1784 tibi
2070 1719 2337 1805 Jungar.

1512 1949 1653 2016 Fac
1695 1971 1796 2015 me
1841 1949 2037 2036 digne
2080 1953 2473 2022 manducare

1513 2071 1754 2139 corpus
1796 2062 1976 2120 tuum
2019 2057 2330 2142 salutare,
2671 2062 2759 2125 ’10

1510 2146 1620 2224 via
1664 2164 1775 2223 tua
1819 2177 1902 2223 ne
1945 2179 2049 2225 me
2102 2169 2337 2244 gravet
2351 2181 2371 2244 3

1510 2259 1776 2341 sanguis
1820 2266 1967 2325 tuus
2013 2261 2109 2327 sic
2151 2281 2255 2326 me
2300 2263 2481 2329 lavet

1511 2368 1700 2427 extra
1741 2379 1983 2447 corpus
2024 2371 2094 2429 et
2134 2365 2202 2429 iu
2246 2364 2481 2450 corde,

1510 2487 1553 2533 a
1589 2469 1877 2552 peccatis
1921 2476 1989 2533 et
2033 2489 2074 2534 a
2116 2468 2346 2551 sorde,

1508 2578 1580 2636 ut
1622 2569 1774 2635 dum
1815 2572 2013 2637 instet
2054 2572 2219 2640 hora
2262 2573 2487 2639 mortis
2503 2619 2525 2653 ‚

1508 2676 1783 2758 angelus
1828 2677 2094 2741 assistat
2134 2675 2354 2760 fortis,

1509 2799 1551 2844 a
1593 2786 1659 2843 te
1704 2780 1892 2845 datus
1927 2780 2082 2844 mihi
2125 2787 2374 2864 custos,

1509 2883 1620 2966 qui
1663 2882 1775 2947 det
1818 2883 2028 2948 locum
2070 2884 2241 2948 inter
2276 2883 2512 2968 justos.

1505 3002 1681 3051 mors
1725 2985 1821 3052 sic
1862 3005 2124 3052 carnem
2166 3008 2377 3053 meam
2418 2990 2714 3075 frangat,

1504 3105 1680 3154 mors
1725 3089 2010 3156 secunda
2051 3111 2136 3155 ue
2178 3110 2281 3156 me
2324 3098 2585 3176 tangat3
2663 3094 2755 3158 80

1505 3191 1661 3258 licet
1702 3210 1858 3258 caro
1903 3201 2380 3278 computrescat
2397 3241 2417 3276 ,

1506 3297 1772 3383 spiritus
1816 3297 1882 3361 iu
1925 3305 1992 3362 te
2037 3298 2360 3383 quiescat,

1506 3400 1657 3466 dum
1701 3418 1977 3483 resurgo
2020 3408 2088 3464 te
2133 3400 2420 3484 visurus,

1504 3512 1719 3569 tecum
1762 3521 2022 3588 semper
2064 3503 2185 3566 sim
2226 3520 2584 3568 mansurus.

2673 2574 2763 2639 ⁷5

336 3678 432 3734 Hs.
471 3697 560 3736 zu.
580 3682 780 3754 naim,
816 3686 961 3759 Aug.
997 3689 1103 3745 No.
1139 3692 1263 3749 ⁴38.
1297 3695 1386 3752 Bl.
1418 3697 1510 3754 63.
1540 3697 1645 3753 mit
1676 3696 1780 3752 der
1813 3694 2188 3766 Bemerkung:
2226 3691 2534 3748 iunocentii
2567 3707 2757 3764 papae,

170 3763 373 3820 habens
407 3766 505 3824 XL
540 3768 755 3825 dierum
790 3773 1185 3848 indulgentias.
1237 3783 1355 3838 Ans
1390 3783 1516 3841 dem
1549 3787 1625 3840 14
1657 3783 1853 3840 Jahrb.
1885 3784 2016 3853 (Α).
2088 3780 2302 3836 Zweite
2338 3780 2434 3836 Hs.
2471 3795 2542 3835 zu
2567 3778 2755 3835 Maius

171 3865 266 3906 aus
302 3852 553 3925 gleicher
586 3856 738 3924 zen,
757 3885 760 3888 ·
778 3860 972 3916 Karth-
1007 3865 1114 3920 No.
1154 3867 1278 3924 380.
1312 3871 1397 3926 131.
1429 3874 1501 3928 24
1539 3871 1681 3941 (B),
1732 3870 1834 3925 mit
1867 3869 1968 3924 der
2003 3867 2382 3941 Bemerkung:
2438 3868 2585 3923 hanc
2621 3883 2754 3923 ora-

168 3937 365 3994 tionem
412 3937 551 3998 fecit
597 3944 933 4003 Coelestinus
980 3966 1143 4021 papa.
1214 3954 1314 4010 Die
1350 3957 1610 4014 cursiven
1645 3956 1864 4014 Stellen
1911 3953 2037 4010 sind
2072 3969 2174 4010 aus
2208 3954 2302 4009 Ps.
2338 3956 2423 4010 50.
2493 3955 2654 4013 Auch
2689 3953 2749 4009 in

172 4026 285 4084 dem
333 4030 749 4087 Antidotarium
800 4033 999 4091 animae
1051 4039 1251 4096 Niceten·
1295 4044 1514 4101 Salices.
1559 4049 1863 4118 Argentor.
1900 4045 2057 4098 1491.
2112 4041 2152 4097 f.
2188 4045 2292 4098 132
2347 4043 2477 4117 (C).
2546 4043 2642 4101 Hs.
2676 4059 2752 4099 zu

172 4113 227 4171 S.
259 4113 401 4171 Paul
435 4117 492 4172 in
526 4117 778 4175 Kiiruten
810 4122 915 4179 No.
950 4125 1036 4179 44.
1072 4122 1175 4181 fol.
1218 4131 1320 4185 123
1355 4131 1455 4187 des
1494 4135 1561 4186 15
1597 4133 1794 4210 Jahrb.
1829 4131 1959 4203 (D).

332 4236 510 4294 Nach'
536 4233 572 4294 2
625 4242 867 4298 schaltet
918 4244 965 4299 D
1017 4245 1136 4302 ein:
1200 4264 1309 4305 ave
1360 4252 1532 4322 plena
1582 4253 1789 4325 gratia.
1894 4253 1932 4307 6
1966 4248 2113 4307 fehlt
2145 4250 2207 4306 Β.
2314 4251 2349 4305 8
2383 4255 2746 4321 mmm

173 4336 313 4379 cens.
346 4323 456 4381 GD.
562 4328 598 4382 9
645 4327 929 4402 lugentem
978 4333 1054 4404 G,
1115 4334 1472 4407 languentem
1521 4339 1583 4394 D.
1692 4342 1758 4394 11
1806 4354 1894 4394 me
1927 4354 1981 4410 p.
2016 4337 2078 4393 1).
2188 4341 2251 4391 11
2269 4340 2417 4392 -22
2453 4335 2642 4393 fehlen
2677 4339 2743 4395 B·

178 4410 239 4465 18
271 4413 584 4471 conticesco
618 4418 696 4486 A,
749 4419 1087 4489 pertimesco
1124 4423 1188 4478 D.
1267 4427 1340 4481 24
1373 4431 1621 4482 tremore
1655 4428 1723 4485 A.
1792 4429 1863 4483 25
1898 4426 2033 4482 vitae
2067 4422 2109 4482 f.
2145 4441 2214 4482 m.
2250 4425 2407 4482 Boo.
2475 4426 2548 4481 26
2583 4428 2642 4480 et
2675 4425 2748 4482 ti-

175 4496 333 4552 moris
368 4499 495 4555 hon.
534 4502 595 4556 Β.
677 4506 749 4558 27
783 4501 891 4562 fac.
930 4522 983 4578 p.
1019 4507 1082 4563 Β.
1178 4510 1250 4566 28
1277 4512 1420 4585 just.
1464 4510 1611 4570 fehlt
1646 4515 1705 4571 G.
1783 4517 1851 4570 31
1888 4519 2055 4573 natos
2090 4513 2206 4570 AB.
2298 4514 2369 4568 38
2404 4512 2645 4586 abyssus
2678 4513 2744 4571 B.

39 4615 48 4624 -
171 4584 370 4639 39-46
404 4583 594 4645 fehlen
629 4591 691 4645 B.
787 4593 854 4646 41
892 4600 1081 4651 natum
1113 4596 1179 4653 1).
1272 4600 1343 4655 46
1379 4602 1665 4676 stringunt
1700 4601 1773 4673 C,
1839 4601 2089 4676 peccatis
2126 4617 2215 4657 me
2250 4601 2644 4674 coustringunt
2676 4600 2741 4656 1).

174 4673 237 4727 51
270 4677 325 4730 te
360 4670 507 4731 fehlt
538 4677 606 4747 A,
641 4682 708 4735 et
733 4695 839 4752 per
873 4681 1056 4755 ipsam
1085 4700 1240 4758 rogo
1271 4688 1510 4762 simplex
1543 4691 1609 4748 Β.
1678 4692 1893 4748 52-54
1924 4687 2116 4747 fehlen
2141 4691 2205 4748 B.
2272 4692 2344 4745 55
2379 4690 2513 4748 item
2537 4704 2747 4763 precer
