3167 5242
2668 274 2800 345 m

1164 706 1338 782 443.
1391 706 1506 779 De
1553 702 1819 779 eodem.

197 944 354 1019 Filii
396 944 750 1029 praesentia
1552 941 2040 1031 Subsequenter
2081 945 2403 1032 inquiens:

283 1056 496 1115 mater
541 1048 880 1128 destituta,
1639 1051 1926 1119 dominus
1969 1055 2063 1117 est
2103 1055 2332 1133 tecum,
2714 1054 2800 1123 to

199 1151 574 1220 Gabrielem
617 1149 905 1215 nuntium
1550 1151 1683 1217 heu
1718 1151 1906 1236 jacet
1945 1152 2014 1220 in
2056 1155 2334 1238 tumulo,

287 1255 385 1320 sic
429 1262 528 1318 est
574 1253 898 1319 allocuta:
1639 1272 1771 1321 non
1815 1263 1918 1321 est
1959 1255 2128 1321 ultra
2171 1257 2453 1325 mecum!

189 1445 364 1532 „Ave
400 1445 592 1527 plena
631 1445 876 1525 aratia,
1404 1444 1443 1506 5
1552 1442 1770 1507 Omnis
1810 1442 2210 1528 benedictio,

285 1550 438 1615 mihi
481 1551 809 1636 protulisti
826 1599 845 1634 ,
1638 1568 1827 1633 quam
1872 1556 1942 1614 tu
1985 1549 2424 1635 spopondisti,

194 1671 375 1720 nunc
415 1653 841 1719 amaritudine
1548 1651 1705 1717 mihi
1747 1652 1822 1718 fit
1865 1654 2195 1720 contraria
2714 1656 2797 1718 15

287 1775 428 1822 sum
468 1756 725 1841 repleta
768 1756 953 1821 tristi.
1636 1762 1907 1841 propter
1948 1762 2221 1821 mortem
2272 1751 2573 1822 Christi.“

377 1958 648 2015 nmlbst
679 1959 792 2014 una
822 1959 887 2028 Β,
926 1958 1042 2014 146.
1078 1959 1144 2028 n,
1178 1958 1266 2012 ee.

377 2105 415 2156 2
447 2118 517 2158 m.
553 2101 759 2158 domini
794 2101 843 2157 d.
880 2100 945 2157 Β.
1013 2102 1048 2157 3
1084 2101 1348 2173 angelum
1381 2097 1494 2157 AG.
1562 2102 1601 2154 4
1634 2100 2034 2172 archangelum
2067 2117 2112 2156 s.
2145 2101 2212 2158 l).
2299 2102 2335 2156 9
2370 2116 2595 2174 conseq.
2630 2105 2797 2164 ABD.

197 2188 413 2245 dixeris
445 2190 512 2245 l).
611 2192 678 2246 12
711 2188 836 2260 ipse
870 2185 966 2243 ffir
1001 2188 1101 2244 nlt.
1135 2187 1201 2244 D.
1300 2190 1370 2243 14
1402 2204 1455 2261 q.
1493 2187 1806 2259 exposuisti
1840 2187 1904 2242 D.
1992 2189 2061 2241 15
2097 2188 2173 2244 sit
2205 2188 2286 2257 A,
2337 2188 2557 2245 welche
2591 2192 2797 2253 Lesart

193 2292 394 2351 gagen
427 2276 523 2332 die
556 2277 794 2333 Demnth
828 2274 1021 2331 Mariae
1054 2277 1352 2333 verutosst·
1421 2289 1492 2331 m.
1526 2275 1609 2330 nil
1643 2274 1741 2331 dat
1774 2272 1967 2348 gaudii
2001 2275 2068 2330 Ι).

358 2414 566 2560 ἕψοι·
600 2415 758 2471 diese
792 2415 993 2472 beiden
1027 2412 1229 2472 [jeder
1264 2414 1371 2471 No.
1402 2414 1525 2472 ⁴⁴².
1558 2415 1666 2470 ΗΒ
1713 2413 1838 2473 sieh
1883 2413 1976 2471 die
2009 2412 2366 2489 Bemerkung
2403 2428 2494 2472 am
2526 2414 2800 2476 schlam

196 2518 323 2563 von
413 2519 466 2559 o.
503 2504 634 2558 431.

305 2843 484 2921 444.
549 2845 638 2916 ln
686 2843 870 2916 festo
921 2845 1426 2943 compassionis
1475 2842 1544 2916 b.
1593 2842 1846 2917 Mariae
1867 2893 1892 2938 ,
1955 2847 2030 2917 in
2077 2847 2322 2946 primis
2360 2851 2692 2949 vesperis.

198 3074 454 3159 Dignas
497 3073 725 3139 laudes
765 3073 1048 3140 reddant
1091 3075 1280 3140 matri
1552 3072 1673 3139 sed
1713 3081 1863 3158 post
1905 3073 2065 3140 dure
2108 3074 2485 3143 Judaeorum
2711 3083 2795 3145 15

198 3186 414 3246 morte
456 3178 593 3242 nati
636 3177 894 3244 liberati
909 3226 927 3262 ,
1550 3176 1682 3242 fert
1722 3176 2053 3243 machinas
2095 3179 2164 3242 in
2205 3178 2423 3244 fllium.

196 3283 346 3350 sine
391 3301 519 3366 qua
561 3299 693 3348 non
736 3290 839 3349 est
882 3283 1156 3350 solutum

197 3384 667 3471 redemptionis
709 3386 1004 3471 pretium.
1550 3364 1721 3433 FffiO
1765 3365 1919 3432 dam
1958 3365 2229 3452 perfidis

1551 3471 1760 3538 crevit
1801 3474 2023 3538 matris
2068 3474 2256 3540 dolor
2298 3474 2517 3560 nimis,

196 3573 356 3661 Ipsa
396 3576 719 3641 nascentis
765 3577 996 3660 gerula
1014 3626 1031 3661 ,
1405 3579 1449 3643 5
1551 3594 1699 3659 quae
1742 3575 1911 3642 filius
1953 3578 2022 3643 in
2065 3597 2342 3666 corpore
2357 3625 2377 3664 ,

197 3676 618 3765 praedicantis
662 3678 1007 3764 discipula,
1550 3679 1824 3747 sustinet
1866 3689 2074 3748 mater
2116 3684 2183 3748 in
2227 3683 2446 3751 corde.
2708 3686 2795 3752 20

197 3781 269 3848 in
311 3782 614 3865 passione
658 3783 866 3866 socia,

200 3887 394 3970 regni
438 3902 707 3952 consol-g
749 3885 815 3950 in
859 3887 1087 3970 gloria·
1549 3864 1606 3933 0
1649 3876 1859 3936 mater
1901 3877 1970 3936 et
2009 3881 2259 3959 martyr
2300 3872 2575 3959 christi,

1547 3991 1672 4056 per
1713 3990 1961 4057 poenas,
2013 3993 2175 4058 quas
2215 3976 2537 4060 pertulisti

198 4072 524 4143 Simeonis
568 4083 721 4142 tunc
762 4073 1018 4158 gladius
1548 4075 1616 4139 in
1650 4076 1972 4161 passionis
2014 4086 2310 4164 tempore
2326 4127 2344 4162 ‚

199 4179 522 4246 fremebat
564 4180 631 4244 in
675 4196 791 4246 cor
827 4179 1028 4262 ipsius
1041 4227 1059 4263 ,
1365 4178 1446 4245 10
1550 4196 1857 4245 succurre
1901 4182 2087 4248 nobis
2129 4183 2197 4248 in
2238 4189 2463 4247 morte.

199 4281 484 4350 Herodis
531 4302 672 4350 cnm
715 4290 988 4368 propter
1024 4290 1266 4349 metum

199 4387 273 4453 in
315 4384 695 4474 Aegyptum
739 4388 886 4454 tulit
926 4387 1214 4456 Jhegum·
1549 4367 1653 4435 Sit
1697 4370 1964 4437 trinitati
2005 4371 2217 4455 gloria
2705 4376 2791 4441 25

1549 4490 1674 4559 pro
1716 4473 2146 4559 redemptoris
2189 4474 2413 4559 venia,

199 4574 420 4667 Valde
462 4586 671 4644 mater
706 4585 860 4645 tunc
905 4576 1141 4661 doluit,
1550 4596 1741 4662 quam
1786 4588 2156 4647 meruerunt
2197 4580 2453 4648 miseris

201 4697 354 4748 cum
395 4679 798 4751 duodennem
840 4678 1161 4767 perdidit,
1548 4681 1721 4752 filius
1756 4691 1824 4752 et
1862 4689 2071 4755 nater
2111 4685 2315 4755 nobis.

358 4809 534 4866 Hm,
565 4809 735 4862 muln.
767 4811 1014 4870 Hymen.
1062 4810 1129 4861 u.
2275 4791 2366 4859 1⁰
