3167 5242
368 279 501 349 170

548 466 642 524 Hs.
678 484 748 521 zu
785 465 1003 535 mainz,
1050 465 1248 520 Karth.
1292 461 1395 518 No.
1431 463 1552 520 380.
1602 460 1641 517 f.
1678 466 1712 517 9
1749 463 1848 517 des
1888 463 1956 516 14
1990 461 2184 520 Jahrb.
2236 461 2362 536 (A).
2434 463 2552 517 Das
2588 462 2724 517 Lien
2757 463 2994 518 nebeim

368 549 823 626 trnvollstandig,
886 552 1027 608 denn
1075 567 1137 606 es
1176 548 1364 606 fehlen
1412 551 1499 605 die
1536 549 1703 606 Festo
1752 550 1851 604 der
1886 551 2274 623 Erscheinung
2322 550 2434 605 und
2469 550 2828 605 Lichtmesse.
2907 550 2992 606 Es

371 647 527 702 steht
569 643 708 699 aber
754 643 900 698 auch
947 659 1013 696 so
1061 641 1119 695 in
1166 639 1267 696 der
1315 640 1409 695 Hs.
1462 657 1529 694 zu
1565 640 1838 695 munchen
1888 640 2045 712 Ggm.
2082 640 2190 697 No.
2230 640 2351 694 Ι116.
2406 640 2505 695 des
2543 641 2612 692 1⁵
2646 635 2842 695 Jahru
2878 637 2990 693 mn

375 731 478 789 der
511 730 756 789 Melodie
811 730 939 800 (Β).

544 853 582 908 4
622 858 793 907 terrae
828 850 895 908 A.
967 851 1000 902 5
1037 863 1175 903 rosa
1211 863 1421 918 sponsa
1458 863 1701 902 vernans
1736 848 1799 903 A.
1871 851 1905 902 ’¹1
1940 848 2201 920 gloriosa
2235 845 2299 902 A.
2373 847 2443 901 10
2477 862 2622 901 nunc
2658 844 2804 902 fehlt
2836 848 2905 902 A.

545 974 612 1029 V.
647 977 697 1030 3.
750 974 958 1030 ebenso
993 971 1097 1027 No,
1134 973 1258 1042 4803
1296 973 1377 1027 81.
1432 971 1633 1049 γαστρὶ
1669 969 2025 1050 ἀγεωργήτως
2061 972 2370 1047 συνέλαβες,
2407 969 2564 1050 ἁγνὴ,
2603 970 2702 1043 τῆς
2740 969 2978 1050 ἄφθαρ-

371 1067 497 1126 σίας
532 1060 623 1119 τὸν
656 1059 857 1138 βότρυν
893 1059 969 1124 ὥς
1006 1057 1261 1132 ἄμπελος.
1310 1061 1453 1116 Pent.
1488 1062 1574 1115 60.
1648 1057 1922 1135 ἆνήρωτος
1959 1058 2172 1137 ἄρουρα
2208 1058 2471 1137 niqui-9⁷15,
2508 1059 2605 1116 τὸν
2641 1058 2850 1129 στάχυν
2887 1080 2977 1117 τε·

372 1148 547 1206 ποῦσα
582 1149 679 1220 τῆς
712 1148 867 1220 ζωῆς.
920 1148 1149 1203 Octoech.
1185 1149 1269 1202 79.
1310 1147 1366 1203 S.
1402 1148 1508 1202 No.
1548 1148 1671 1218 516,
1708 1151 1826 1204 1⁷1.

548 1290 649 1344 Die
685 1290 780 1346 Hs.
807 1306 921 1344 von
957 1287 1278 1359 'tegernsee
1316 1306 1386 1342 zu
1414 1285 1702 1360 Miinchen,
1737 1290 1845 1345 No.
1887 1289 2027 1343 1824
2064 1289 2164 1343 des
2204 1291 2271 1342 15
2298 1288 2494 1344 Jahrb.
2532 1285 2750 1342 enthfilt
2784 1286 2982 1342 sieben

373 1376 575 1434 Lieder
611 1374 716 1432 auf
745 1373 834 1431 die
870 1375 1124 1431 Frenden
1163 1375 1341 1430 Maria
1378 1375 1519 1431 nach
1561 1376 1668 1431 den
1705 1376 2010 1449 Tagzeiten
2047 1374 2380 1447 eingetheilt
2428 1373 2516 1429 als
2554 1375 2716 1429 einen
2752 1373 2984 1432 cursus.

372 1462 476 1519 Die
513 1460 776 1534 Ansiinge
812 1462 935 1517 sind
970 1459 1262 1534 folgende:

443 1549 532 1606 Ad
566 1555 757 1605 matut.
806 1549 994 1606 Gaude
1032 1550 1266 1619 primum
1303 1565 1341 1604 ο
1369 1549 1567 1619 Maria,
1987 1547 2145 1605 facta
2180 1553 2268 1605 est
2303 1548 2577 1619 provisio.

794 1638 867 1694 ab
905 1643 1121 1693 aeterno
1156 1638 1236 1693 tui
1274 1638 1405 1708 quia

585 1739 649 1782 es
684 1725 809 1782 sind
846 1727 912 1780 15
950 1726 1175 1781 solcher
1210 1726 1512 1797 Strophen.

931 1813 1005 1868 acl
1040 1813 1199 1884 prim.
1256 1813 1445 1868 Gaude
1484 1813 1654 1884 virgo
1689 1813 1904 1883 Joseph
1942 1812 2085 1869 viro.
2158 1813 2228 1867 16
2265 1813 2380 1869 Str.

940 1903 1014 1959 ad
1050 1910 1179 1959 tert.
1261 1903 1450 1959 Gaude
1489 1904 1626 1958 deus
1662 1910 1718 1959 te
1757 1903 2020 1974 suscepit.
2096 1904 2164 1958 16
2202 1903 2317 1960 Str.

941 1991 1013 2047 ad
1051 1996 1190 2046 sext.
1253 1990 1444 2046 Gaude
1480 1997 1661 2048 mater
1699 1990 1802 2046 tihi
1841 1990 1967 2046 soli.
2043 1993 2111 2044 16
2148 1990 2263 2046 Str.

940 2079 1011 2134 ad
1049 2094 1177 2133 non.
1249 2077 1437 2133 Gaude
1473 2078 1624 2148 quod
1659 2078 1714 2131 in
1754 2078 1962 2148 templo
2001 2083 2207 2133 natum.
2281 2081 2347 2133 15
2377 2077 2492 2136 Str.

944 2167 1017 2222 ad
1056 2183 1210 2236 vesp.
1261 2165 1450 2222 Gaude
1487 2166 1576 2220 die
1615 2166 1999 2239 quadrageno.
2074 2168 2142 2221 16
2179 2166 2293 2223 Str.

939 2254 1014 2310 ad
1032 2254 1234 2327 compl.
1263 2253 1453 2311 Gaude
1490 2270 1617 2310 nam
1654 2271 1724 2309 ex
1760 2261 1861 2311 tuo
1896 2256 2071 2312 vultu.
2146 2259 2214 2309 17
2243 2254 2355 2311 Str.

1116 2625 1287 2702 459.
1351 2625 1604 2704 Oratio
1648 2627 1740 2700 de
1786 2625 1854 2699 h.
1905 2627 2139 2699 Maria
2193 2654 2259 2699 v.

378 2862 582 2930 Salve
627 2873 834 2930 mater
879 2869 1210 2953 speciosa,
1737 2868 2074 2952 Quartum,
2117 2868 2295 2951 magi
2339 2886 2481 2933 cum
2523 2875 2882 2951 venerunt,

370 2967 512 3052 jam
558 2968 626 3032 in
673 2967 854 3033 coelis
897 2968 1220 3055 gloriosa,
1734 2973 2041 3039 infantem
2089 2972 2558 3057 adoraverunt,

379 3079 445 3137 te
489 3070 826 3138 laudamus
870 3074 1160 3156 pretiosa
1734 3075 2150 3162 procidentes
2195 3076 2566 3141 obtulerunt

464 3196 588 3260 per
630 3178 892 3244 bissena
936 3181 1196 3262 gaudia.
1821 3182 1946 3248 sibi
1989 3182 2115 3246 tria
2158 3201 2444 3248 munera.
2902 3180 2986 3244 20

380 3365 662 3445 Quorum
707 3370 981 3452 primum
1016 3367 1325 3454 habuisti,
1589 3373 1628 3436 ὅ
1735 3371 2064 3453 Quintum,
2111 3371 2353 3455 templo
2397 3379 2863 3457 praesentatur,

381 3467 640 3551 quando
687 3467 1008 3536 Christum
1057 3472 1439 3555 concepisti,
1733 3476 1900 3542 ulnis
1946 3476 2120 3540 senis
2167 3475 2585 3561 deportatur,

381 3569 750 3636 Gabrielem
788 3572 1125 3638 audivisti:
1734 3580 1845 3662 qui
1888 3578 2117 3644 dimitti
2161 3599 2233 3645 se
2277 3587 2552 3647 testatur

470 3690 638 3756 „ave
682 3672 878 3756 plena
923 3670 1208 3758 gratia!“
1820 3689 1976 3748 tunc
2018 3684 2084 3748 in
2126 3703 2295 3769 pace
2339 3684 2567 3749 libera.

378 3860 782 3948 Secundum,
829 3867 1005 3951 quod
1049 3867 1440 3934 exclamavit
1733 3865 2003 3935 Sextum
2050 3869 2187 3953 fuit,
2236 3891 2379 3937 cum
2421 3881 2722 3938 monetur
2903 3873 2984 3937 25

374 3965 750 4053 Elizabeth,
797 3977 863 4034 te
907 3972 1171 4036 vocavit
1544 3973 1627 4038 10
1730 3972 2014 4058 Joseph‚
2061 3981 2135 4040 ut
2177 3982 2624 4039 reverteretur

380 4067 626 4136 Christi
669 4082 970 4158 matrem,
1017 4076 1335 4141 exultavit
1732 4079 1815 4143 ab
1859 4073 2196 4160 Aegypto,
2240 4073 2581 4142 tolleretur

465 4173 804 4241 Johannes
846 4178 914 4241 in
956 4185 1163 4243 utero.
1817 4182 2100 4265 genitrix
2148 4199 2292 4248 cum
2336 4180 2490 4247 fifio.

378 4361 663 4427 Tertium
709 4362 793 4428 de
836 4359 1046 4431 Jhesu
1090 4374 1278 4450 natu,
1731 4371 2130 4458 Septimum,
2166 4393 2312 4440 oum
2351 4374 2752 4460 postulatum

376 4479 500 4549 per
542 4475 843 4551 pastores
885 4471 1250 4555 publicato,
1729 4477 2061 4561 invenisti,
2105 4479 2329 4563 virgo,
2374 4486 2593 4544 natum
2893 4480 2978 4544 30

381 4570 465 4634 ab
510 4571 759 4651 angelis
800 4583 1116 4640 venerato
1543 4577 1626 4640 15
1732 4589 1799 4647 et
1840 4582 1906 4646 in
1951 4584 2190 4667 templo
2233 4581 2618 4649 collocatum

469 4682 873 4749 cantantibus
914 4705 1141 4772 puero.
1816 4684 1884 4752 in
1927 4685 2265 4754 doctorum
2306 4687 2539 4753 medio.
