3167 5242
148 461 299 531 Ave
342 463 565 546 virgo,
609 479 764 547 spes
808 466 1179 527 sanctorum
1196 507 1215 539 2

148 573 337 651 septa
380 565 596 631 choris
640 563 1049 646 angelorum

146 676 213 735 te
258 677 648 754 assumptam
692 687 890 752 super
936 668 1143 734 eoelos
1261 668 1393 732 255

147 771 354 839 duleis
398 772 589 838 deoet
628 770 853 855 hymni
892 771 1114 838 melos.

141 951 298 1021 Ave
341 954 567 1037 virgo,
613 972 805 1037 quam
837 951 1145 1038 probavit

141 1059 299 1141 igue
345 1059 507 1124 deus
551 1065 621 1123 et
659 1057 998 1142 purgavit,

138 1168 212 1226 ut
255 1167 596 1242 argentum
640 1158 1045 1244 splenduisti,

141 1260 405 1346 quando
450 1259 774 1326 Christum
818 1259 1113 1343 genuisti.
1260 1261 1389 1325 260

135 1440 294 1510 Ave
340 1448 515 1508 terra
529 1492 546 1525 ‚
590 1443 810 1508 ferens
852 1442 1163 1524 fraenum,

138 1549 246 1632 qui
296 1547 567 1611 detersit
608 1545 772 1611 Evae
814 1545 1055 1610 luctum
1074 1594 1095 1625 ,

139 1649 317 1733 quod
363 1650 471 1732 qui
513 1650 621 1734 pie
668 1647 1057 1714 confitentur
1074 1697 1094 1732 ‚

137 1755 324 1819 vultu
369 1753 476 1817 dei
517 1753 951 1839 perfruentur.

134 1932 326 2019 Ave,
372 1935 454 2000 de
500 1956 629 2019 qua
669 1953 855 2001 mons
898 1935 1205 2001 montium
1256 1938 1384 2002 265

137 2038 280 2103 sine
326 2059 520 2105 manu
564 2038 947 2105 eaedentium
959 2087 979 2124 ,

135 2142 349 2226 primo
394 2142 591 2228 lapiS,
635 2160 818 2208 mons
859 2152 1096 2229 postea

136 2243 361 2308 mundi
404 2245 613 2309 erevit
653 2247 720 2310 in
765 2265 941 2311 area.

135 2415 292 2486 Ave
334 2430 575 2506 mater,
621 2423 806 2509 eujus
848 2434 1039 2491 natus

136 2543 181 2589 a
220 2524 267 2592 J
270 2527 473 2591 udaeis
517 2535 621 2592 est
663 2535 927 2613 potatus

134 2624 291 2694 felle
336 2631 527 2697 simul
570 2639 640 2696 et
679 2640 900 2717 aceto,

134 2736 203 2793 te
245 2734 513 2799 vidente
557 2733 749 2801 datus
790 2736 988 2802 letho.

1255 2531 1389 2597 270

132 2908 290 2982 Ave
332 2937 590 3003 pauper
633 2925 702 2982 et
745 2937 986 3002 egena,

134 3022 495 3102 gratiarnm
538 3041 698 3086 vere
740 3023 966 3107 plena,

134 3131 240 3187 est
285 3124 554 3210 adjutor
596 3132 743 3191 tuus
786 3125 978 3210 deus,

136 3240 265 3305 quo
310 3229 606 3293 salvatur
645 3228 840 3293 homo
881 3247 1053 3295 reus.

1255 3129 1385 3193 275

76 3412 86 3421 ·
129 3395 319 3487 Ave,
366 3426 560 3490 quam
603 3406 763 3473 deus
807 3408 999 3492 aluit,
1098 3447 1109 3456 -

134 3520 325 3584 quam
366 3514 643 3578 verbum
683 3514 889 3598 patris
934 3513 1155 3581 docuit
1170 3562 1191 3599 ,

134 3612 207 3670 ut
247 3610 393 3695 ejus
437 3617 759 3683 mirabilia

134 3719 604 3788 pronuncians
649 3719 880 3784 omnia.

134 3860 286 3935 Ave
327 3881 602 3959 perfusa
643 3879 886 3966 gratia,

133 3977 209 4034 ut
247 3978 416 4046 solet
458 3983 670 4050 vellus
712 3982 967 4069 pluviA,

138 4074 321 4157 cnjus
364 4089 791 4156 exuberantia

136 4183 355 4248 mundi
396 4193 747 4279 eomplevit
788 4196 1021 4281 spatia.

1251 3720 1383 3787 280

137 4443 426 4536 8458ῦὶ86,
470 4462 655 4546 ouJ'uss
698 4463 1035 4531 dexteram

136 4532 399 4614 chisto
440 4560 734 4650 tenente,
774 4568 1007 4652 pervia

132 4643 287 4712 ooeli
324 4652 440 4724 tibi
479 4676 627 4739 cmg
667 4671 855 4742 m

2608 277 2748 343 m

1491 457 1680 545 Ave,
1724 479 1852 543 qna
1891 461 2120 528 mortis
2162 460 2420 528 vincula

1492 562 1692 627 solvit
1732 581 1854 628 rex
1899 571 2052 628 ante
2097 563 2340 630 saeoula
2356 611 2374 645 ,

1493 665 1767 731 salutem
1810 675 2118 751 operatus
2165 675 2266 732 est

1492 775 1818 853 nostram,
1863 789 2012 836 oum
2056 770 2141 835 de
2183 779 2251 837 te
2292 782 2484 842 natus
2526 786 2646 844 est.

2611 567 2746 634 290

1491 943 1647 1013 Ave
1691 951 1898 1033 prima
1943 952 2378 1020 eolumnarum
2394 1005 2412 1039 ,

1493 1053 1721 1115 orbem
1760 1061 2026 1138 portant
2069 1073 2216 1139 quae
2258 1067 2607 1146 terrarum,
2743 1101 2749 1110 ·

1494 1170 1699 1218 eornu
1742 1155 2055 1240 frangens
2097 1162 2457 1228 sublimium
2610 1169 2742 1233 29⁵

1495 1264 1562 1321 et
1606 1259 1904 1324 exaltans
1950 1260 2293 1328 humilium.

1490 1431 1671 1520 Ave,
1719 1438 1903 1521 eujus
1948 1440 2130 1506 loeus
2175 1444 2358 1526 pacis

1491 1536 1607 1604 dat
1651 1541 1956 1625 quietem,
2003 1543 2136 1628 fao,
2186 1548 2360 1628 quod
2404 1550 2566 1617 faeie
2580 1601 2598 1635 ,

1492 1656 1614 1705 ora
1653 1659 1778 1726 pro
1823 1642 1943 1726 hie,
1991 1664 2156 1728 quos
2189 1648 2526 1734 impugnat

1492 1760 1686 1825 earo,
1731 1748 1926 1810 menti
1973 1767 2119 1830 qnae
2161 1764 2502 1836 repugnat,
2610 1759 2742 1826 300

1489 1930 1642 1998 Ave
1685 1936 1905 2021 virgo,
1952 1960 2098 2022 quae
2143 1946 2431 2033 eogita8‚

1492 2056 1639 2120 quae
1682 2041 1767 2104 sit
1808 2040 1915 2106 dei
1959 2046 2302 2128 antiquitas
2319 2097 2337 2131 ,

1491 2141 1680 2224 eujus
1723 2142 1868 2208 finis
1911 2147 2121 2211 nullus
2168 2152 2321 2233 erit,

1489 2243 1600 2309 ubi
1644 2244 1801 2309 nihil
1843 2264 2115 2331 prorsus
2159 2253 2348 2335 perit.

1487 2421 1641 2489 Ave
1684 2445 1920 2492 manna
1964 2429 2332 2516 candidior,
2606 2439 2738 2505 305

1490 2527 1573 2592 de
1618 2548 1747 2612 qua
1789 2529 1866 2594 fit
1906 2529 2099 2598 melle
2147 2534 2402 2602 dulcior

1484 2634 1676 2717 panis
1690 2682 1708 2716 ,
1754 2652 1883 2718 quo
1929 2638 2078 2702 ooeli
2121 2641 2306 2706 euria

1486 2737 1652 2802 vivit
1690 2757 1818 2803 nee
1857 2758 1988 2805 non
2032 2744 2334 2811 ecelesia.

1486 2914 1639 2982 Ave
1681 2936 1804 3002 pro
1849 2920 2034 3004 eujus
2075 2921 2212 2987 filio

1487 3020 1609 3086 fuit
1654 3022 1828 3089 faeta
1872 3026 2101 3091 effusio

1488 3125 1739 3189 cruoris
1783 3126 2210 3194 innocentium

1486 3226 1710 3293 furore
1750 3234 2292 3314 persequentium.

2601 3034 2734 3098 310

1484 3406 1669 3495 Ave,
1711 3412 1780 3477 in
1824 3433 1953 3496 qua
1995 3435 2120 3500 per
2153 3419 2430 3501 gratiam

1483 3515 1797 3581 excitavit
1836 3521 2192 3601 potentiam

1482 3638 1605 3684 rex
1647 3618 1855 3687 Israel
1904 3623 2258 3690 adveniens
2271 3674 2291 3709 ‚

1480 3741 1610 3806 per
1650 3731 1718 3790 te
1758 3744 1880 3791 nos
1925 3729 2147 3795 salvos
2191 3731 2454 3799 faeiem.

1480 3884 1636 3957 Ave
1675 3890 1950 3975 pulchra
1990 3894 2160 3959 sieut
2198 3893 2351 3960 luna
2364 3942 2385 3979 ,
2459 3889 2462 3892 ’

1480 4011 1606 4078 per
1650 4001 1718 4060 te
1757 3997 1948 4064 nobis
1992 3997 2133 4063 dies
2177 4019 2308 4066 una

1481 4115 1644 4163 vere
1686 4097 1802 4165 fiet
1844 4108 1998 4169 tuno
2040 4103 2351 4186 solennis,

1483 4218 1629 4268 em
1672 4203 1948 4288 fulgebit
1989 4207 2094 4273 sol
2130 4208 2456 4293 perennis.

2602 3630 2734 3697 31⁵

2600 4209 2734 4278 320

1480 4473 1729 4538 excelsi
1774 4492 1997 4541 omnes
2041 4485 2108 4543 et
2152 4477 2240 4543 dii
2259 4527 2277 4561 ,

1480 4584 1794 4661 quotquot
1833 4587 2052 4646 terunt
2092 4581 2358 4649 humilia

1378 4711 1384 4716 ·
1478 4678 1826 4748 salvatoris
1866 4683 2161 4768 ventigia.
