3167 5242
367 259 540 335 412

406 471 553 523 cum
594 453 757 519 mira
797 451 1109 537 patientia

491 560 746 642 fragrat
785 558 852 622 in
896 554 1325 622 terrestribus.

404 722 624 791 omnis
664 724 887 808 lingua
929 721 1188 805 coelioa,

405 829 547 894 sive
587 827 673 894 sit
718 826 1017 911 angelica
1035 875 1053 911 ‚

403 950 529 998 neo
570 949 700 997 non
742 929 1197 1016 philosophica

490 1040 557 1099 te
600 1031 870 1099 laudare
914 1029 1169 1113 deficit3

402 1154 696 1224 praesens
737 1153 1015 1219 namque
1058 1133 1367 1199 saeculum

405 1248 472 1306 te
515 1240 904 1325 praclarum
947 1237 1310 1323 speculum,

404 1343 628 1410 salutis
671 1350 743 1410 ut
785 1342 1187 1427 signaculum
1209 1387 1228 1423 ‚

489 1446 890 1513 incessanter
932 1446 1265 1532 prospicit.

405 1609 504 1677 'l'u
547 1611 792 1677 cunctis
834 1610 1213 1696 pretiosior,

405 1715 779 1783 sublimibus
822 1715 1152 1783 sublimior
1174 1762 1192 1794 ,

343 1891 354 1904 ,
402 1828 475 1886 tu
520 1820 839 1886 universis
885 1819 1200 1902 sanctior,

404 1922 764 2005 virginibus
812 1922 1197 2007 praeclarior

492 2023 620 2091 deo
662 2025 977 2109 placuisti.

405 2135 474 2193 te
513 2127 856 2212 propheta>
898 2127 1333 2212 praenuntiant

408 2248 487 2297 ac
529 2229 922 2316 patriarcha!
967 2235 1247 2295 evocant

409 2331 817 2416 apostolique
859 2331 1253 2415 praedicant,

406 2451 631 2499 omnes
674 2430 974 2500 salvandi
1015 2431 1323 2498 invocant

441 2551 470 2568 ²
494 2536 675 2602 velut
718 2543 987 2602 matrem
1033 2534 1292 2603 Christi.

408 2699 507 2766 Tu
542 2702 788 2787 jubilus
832 2703 1108 2784 laetitiae,

412 2804 697 2871 solamen
744 2824 820 2870 es
859 2805 1182 2870 moestitiae
1202 2852 1219 2884 ‚

409 2915 481 2974 tu
522 2906 754 2991 regula
790 2907 1092 2993 justitiae,

410 3013 746 3099 exemplar
787 3014 1143 3100 pudicitiae,

498 3136 703 3182 nexus
748 3136 822 3183 es
866 3121 1136 3184 amoris:

410 3228 483 3286 tu
527 3221 711 3287 limes
753 3222 1153 3290 rectitudinis

412 3332 480 3388 et
522 3323 714 3389 sedes
758 3327 1290 3411 mansuetudinis,

412 3434 484 3494 tu
528 3428 709 3495 locus
754 3429 1229 3511 sanctitudinis,

413 3548 567 3614 spes
610 3531 1021 3596 beatitudinis
1037 3580 1055 3614 ‚

498 3631 644 3697 finis
688 3652 759 3698 es
808 3635 1119 3699 moeroris.

414 3783 510 3852 Tu
556 3805 820 3872 campus
863 3807 992 3854 non
1036 3790 1300 3857 arabilis

499 3897 609 3957 tua
652 3912 823 3959 nunc
865 3895 1203 3960 amoenitas

496 3997 762 4061 rubrum
803 3996 1028 4063 florem
1072 4000 1370 4083 protulit:

413 4104 485 4164 tn
529 4095 667 4162 dies
704 4096 1139 4184 delectabilis,

501 4200 687 4286 cujus
722 4202 860 4286 jam
906 4206 1222 4271 serenitas

499 4324 729 4392 pacem
771 4306 1005 4372 mundo
1051 4310 1334 4378 contulit.

1561 551 1676 618 20·

1564 1134 1650 1196 25

1568 1711 1654 1777 30

1569 2229 1654 2293 35

1571 3327 1654 3391 45

1573 3899 1657 3964 50

416 4455 510 4523 Te
526 4508 544 4542 ‚
590 4481 776 4546 quam
805 4465 1185 4547 promissam
1211 4469 1525 4555 patribus,
1573 4470 1657 4534 55

500 4566 749 4645 magnis
795 4584 875 4631 ac
916 4567 1296 4654 minoribus,

504 4660 697 4729 Judae
741 4669 945 4734 tribus
990 4668 1226 4737 edidite

1752 457 1819 516 te
1863 447 2109 516 cunctis
2152 463 2324 515 nunc
2371 447 2437 513 in
2481 446 2797 515 matribus

1837 553 2077 619 nostris
2121 552 2189 617 in
2225 552 2625 637 temporibus

1752 737 1759 743 ,
1840 657 2003 723 deus
2047 657 2295 724 claram
2337 655 2641 724 condidit.
2932 657 3035 726 60

1753 819 1852 887 Tu
1897 820 2090 887 stella
2129 819 2471 901 matutina,
3166 813 3167 886 l

1754 932 2075 991 astrorum
2120 942 2193 990 es
2237 923 2504 1008 regina,
3166 919 3167 932 ’

1755 1028 2125 1113 languentis
2168 1026 2489 1095 medicina

1755 1138 1825 1197 et
1866 1148 2024 1196 rosa
2065 1130 2204 1195 sine
2250 1130 2469 1214 spina:

1754 1292 2104 1360 Dulcorum
2146 1300 2219 1359 tu
2251 1292 2533 1378 piscina,
2940 1295 3030 1359 65

1756 1397 2065 1464 coelorum
2108 1415 2183 1463 es
2225 1398 2510 1479 cortina3

1756 1516 1877 1565 nos
1920 1497 2415 1583 tuadisoiplina

1757 1622 2078 1671 conserva
2120 1622 2162 1668 a
2204 1602 2409 1668 ruina.

1757 1765 1856 1834 'l'u
1898 1767 2253 1852 gratiarum
2296 1765 2558 1847 fluctus,

1844 1868 1928 1934 de
1976 1869 2240 1934 excelso
2282 1867 2625 1953 prodiens,
2938 1869 3027 1932 ¹¹10
3164 1783 3167 1978 4

1758 1983 2061 2058 tanquam
2113 1991 2300 2056 aquae
2346 1967 2579 2039 ductus
3166 1981 3167 1990 ³

1843 2076 2217 2162 paradisum
2259 2076 2599 2141 transiens.

1759 2258 1924 2325 Olim
1966 2257 2130 2326 Evae
2171 2258 2384 2325 luctus

1843 2365 2078 2434 multos
2126 2383 2306 2431 saeve
2348 2372 2697 2431 conterens

1757 2489 1878 2555 per
1921 2477 1990 2534 te
2035 2477 2136 2535 est
2181 2468 2501 2537 abductus
2934 2470 3025 2535 '2⁵

1844 2573 2015 2664 sicut
2052 2575 2283 2641 umbra
2323 2572 2603 2656 fugiens.

1759 2756 1858 2824 'l'u
1900 2757 2130 2822 hortus
2170 2756 2525 2842 voluptatis

1844 2860 2235 2946 plenissimae
2250 2908 2269 2940 ,

1759 2984 1904 3033 cum
1947 2965 2122 3029 stilla
2163 2963 2500 3030 suavitatis

1844 3067 2232 3150 verissimae,
2927 3071 3021 3138 80

1757 3181 1831 3239 tu
1873 3171 2107 3238 cedrus
2151 3170 2511 3237 honestatis

1846 3275 2172 3340 altissimae
2186 3320 2204 3356 ‚

1761 3397 2111 3465 cypressus
2155 3377 2444 3444 caritatis

1847 3485 2232 3551 fortissimae.

1760 3662 1949 3730 Oliva
1992 3664 2252 3750 pietatis
2926 3667 3015 3734 85

1847 3770 2228 3836 rectissimae
2243 3815 2261 3852 ,

1761 3875 2060 3943 columba
2100 3873 2381 3939 lenitatis

1847 3977 2268 4042 sanctissimae
2284 4022 2303 4058 ,

1762 4089 1831 4147 tu
1873 4081 2114 4166 lignum
2159 4079 2495 4147 suavitatis

1847 4185 2237 4253 dulcissimae
2928 4188 3016 4255 90

1762 4297 1831 4355 et
1873 4297 2070 4354 aestas
2116 4287 2427 4355 claritatis

1848 4393 2226 4479 purissimae.

1762 4567 1861 4637 'l'u
1903 4568 2080 4634 sidus
2125 4586 2198 4633 es
2242 4567 2634 4653 virgineum,

1761 4681 1829 4740 et
1871 4690 2175 4757 rumpens
2219 4673 2443 4738 mortis
2487 4672 2793 4756 laqueum
