3167 5242
2677 322 2776 389 1·ae
2837 325 2845 333 '

746 504 973 570 Gratia
1014 504 1201 584 plena
1244 503 1572 586 concipies
1621 502 1839 585 deum,
2088 541 2094 547 -
2219 538 2227 545 ·
2722 512 2760 573 5

742 606 870 672 hoc
913 607 1028 672 tibi
1073 606 1360 688 siguum,
1407 604 1754 671 Elisabeth
1798 614 1910 672 tua

741 728 982 794 parens
1028 710 1358 793 concepit,
1406 711 1645 774 sterilis
1693 729 1871 793 quae,
1917 728 2035 774 sua

900 812 965 876 in
1011 806 1406 879 senectute.“

740 966 969 1033 Puella
1013 966 1306 1050 gaudens
1356 965 1677 1034 Gabrielis
1718 986 1841 1033 *ore

737 1069 1025 1153 suscepit
1066 1073 1309 1153 verba,
1357 1071 1762 1154 respondens
1807 1071 1902 1137 sic
1946 1070 2129 1137 dicit:
2676 1072 2759 1139 10

735 1191 913 1254 „ecce
957 1172 1187 1239 ancilla
1233 1174 1488 1253 domini,
1531 1173 1648 1254 fiat
1689 1175 1842 1240 milei

873 1273 992 1339 Ἰιοο
1032 1276 1288 1341 verbum
1331 1271 1557 1340 tuumf‘

744 1427 969 1493 Gloria
1012 1429 1185 1512 patri
1231 1437 1354 1496 etc.
1422 1442 1429 1447 ’
1544 1447 1551 1454 ·

324 1610 391 1664 V.
429 1612 477 1666 8.
512 1610 803 1667 Johannes
841 1628 911 1666 ex
950 1612 1176 1667 senibus
1212 1612 1545 1682 parentibus
1582 1612 1849 1681 nascitur,
1886 1620 2166 1683 tamquam
2194 1618 2519 1669 senescente
2547 1615 2789 1673 saeculo⁴

140 1697 447 1769 prophetia
469 1697 587 1753 ‘illa
622 1698 723 1769 (de
766 1699 1029 1768 Christo)
1070 1699 1425 1755 innotescere
1442 1699 1714 1770 sincipiat.
1785 1703 2050 1771 Auqustin.
2087 1700 2197 1755 div.
2242 1706 2440 1772 quaest.
2477 1702 2565 1771 583
2603 1705 2653 1758 3.

132 1807 138 1813 ·
327 1785 393 1840 V.
432 1786 483 1839 9.
539 1784 763 1857 puella,
818 1786 998 1841 heis-st
1043 1788 1187 1841 auch
1223 1802 1290 1841 so
1330 1787 1421 1843 bei
1458 1788 1563 1842 den
1601 1785 1903 1843 Griechen:
1952 1786 2116 1864 κόρης
2151 1789 2359 1864 βρέφος
2397 1784 2758 1845 «inmineret.

145 1871 264 1929 Oet.
304 1874 387 1926 15.
461 1874 790 1944 θέονυμφος
825 1870 972 1950 κόρη.
1010 1874 1288 1928 Pentecosl.
1323 1889 1376 1944 p.
1417 1876 1537 1928 104.

323 1957 390 2014 V.
431 1960 518 2013 1‘1.
554 1959 638 2012 12.
692 1959 873 2016 Mater
917 1959 1007 2013 dei
1044 1940 1276 2030 eligitur
1314 1967 1371 2015 et
1398 1959 1660 2015 ancillam
1688 1926 1749 2016 se
1776 1961 2041 2017 nominat.
2088 1979 2200 2019 non
2226 1935 2526 2031 mediocris
2553 1942 2786 2019 revera
2801 1958 2810 1967 ⁷

140 2044 478 2199 humilitatgs
512 2045 766 2120 insigne,
821 2060 926 2099 nec
977 2034 1175 2100 oblata
1221 2042 1382 2101 tanta
1404 2046 1610 2117 gloria
1647 2048 1910 2115 oblivisci
1946 2047 2328 2129 humilitatem.
2398 2052 2456 2108 S.
2475 2052 2760 2108 Ber-narde·
2835 2079 2843 2087 ·

140 2132 280 2188 hom
331 2134 366 2187 4

688 2414 858 2498 330.
924 2414 1040 2485 De
1095 2412 1376 2510 eadem,
1429 2414 1522 2486 ad
1574 2416 2217 2525 sextam-hymnus.

685 2618 1012 2689 ,Puerum
1055 2628 1274 2691 vatem
1318 2620 1664 2689 habentem
1710 2621 1998 2706 supremi

554 2736 561 2743 ·
632 2794 637 2799 ,
734 2723 885 2788 alvo
930 2723 1250 2788 reclusum
1296 2742 1516 2793 amore
1562 2724 1777 2813 Maria

731 2834 1039 2891 montana
1073 2826 1267 2893 Judae
1312 2806 1672 2893 ascendens
1720 2830 1960 2929 salutat

758 2940 763 2943 “
861 2929 1106 2993 festino
1145 2947 1425 3013 gressu.
1727 2954 1733 2959 ·

732 3098 963 3163 Mariae
1007 3094 1235 3163 vocem
1279 3097 1625 3164 Elizabeth
1663 3098 1870 3182 audit,
2159 3127 2165 3133 ·
2708 3108 2748 3168 5

736 3202 983 3265 exultat
1026 3201 1237 3265 infans
1282 3202 1348 3265 in
1393 3212 1579 3265 utero
1629 3201 1919 3284 clausus,

648 3375 653 3381 ,
730 3304 1084 3390 prophetat
1118 3313 1326 3369 mater
1372 3303 1641 3392 dicensi
1688 3305 1880 3390 „quia
1926 3304 2174 3390 crediS,

871 3408 1156 3492 concipis
1201 3403 1533 3475 verbum“.

734 3580 943 3663 Virgo
987 3588 1120 3645 tam
1161 3582 1323 3645 mira
1367 3578 1636 3645 audiens
1682 3588 1750 3646 et
1792 3581 2023 3647 videns

674 3670 675 3673 ¹
734 3685 1052 3749 canticum
1095 3700 1333 3749 novum
1379 3682 1595 3748 reddit
1639 3686 1923 3749 creatori
2664 3690 2745 3754 10

734 3785 956 3851 dulces
1001 3785 1162 3850 dans
1206 3786 1439 3850 melos:
1489 3784 1904 3869 „magnificat
1948 3784 2138 3852 deum

867 3891 1077 3956 anirna
1121 3886 1326 3981 meaf‘

308 4057 347 4110 4
382 4055 684 4127 concipies,
718 4012 829 4112 Hs..
887 4059 952 4112 11
994 4055 1170 4126 deum,
1202 4053 1348 4112 fehlt
1382 4056 1484 4112 der
1519 4057 1616 4114 Hs.

310 4177 380 4234 V.
418 4182 464 4233 1.
526 4194 668 4249 puer
703 4182 896 4247 vates,
961 4177 1248 4234 Johannes
1298 4179 1399 4235 der
1434 4176 1662 4236 Tfiufer.
1723 4179 1852 4236 Luc.
1903 4183 1963 4248 1,
2007 4181 2094 4232 41.
2164 4178 2454 4235 Johannes
2491 4179 2749 4254 baptista

140 4264 322 4322 multis
370 4264 762 4339 probabilibus
811 4264 1153 4320 documentis
1203 4281 1317 4320 non
1365 4266 1638 4333 absurde,
1659 4266 1910 4337 creditur
1957 4265 2277 4338 prophetias
2324 4273 2559 4339 gestare
2611 4283 2741 4340 per-

142 4366 363 4424 sonam,
414 4358 474 4410 et
512 4369 584 4411 eo
620 4354 883 4424 maxime,
932 4352 1084 4423 quod
1118 4353 1187 4407 de
1221 4352 1328 4410 illo
1365 4354 1620 4410 dominus
1657 4353 1817 4409 dicit:
1868 4356 1989 4425 plus
2025 4369 2181 4426 quam
2211 4355 2468 4425 propheta
2517 4355 2740 4422 (matth.

143 4440 222 4508 11,
256 4442 341 4513 9).
409 4441 503 4497 hic
549 4441 820 4514 siquidem
869 4440 1048 4497 totius
1097 4440 1448 4513 prophetiae,
1503 4457 1629 4513 quae
1665 4441 1738 4496 ab
1776 4442 2011 4498 exordio
2046 4441 2275 4514 generis
2311 4442 2537 4497 humani
2569 4460 2745 4516 usque

142 4527 212 4584 ad
260 4529 563 4585 adventum
615 4530 829 4586 domini
873 4529 940 4584 de
996 4529 1220 4586 domino
1275 4526 1433 4584 facta
1491 4533 1607 4599 est,
1670 4527 1971 4602 imaginem
2021 4533 2229 4600 gestat.
2312 4532 2577 4603 Amyn-stin.
2630 4533 2741 4590 div.

144 4622 330 4685 quaest.
366 4618 903 4695 58,1.Johannea
942 4617 1071 4688 plus
1108 4633 1273 4688 quam
1307 4618 1593 4689 propheta
1625 4622 1742 4682 est,
1776 4617 1911 4687 quia
1945 4631 2108 4688 quem
2142 4618 2324 4678 verbe
2360 4618 2526 4692 dixit,
2562 4621 2746 4696 digito

144 4705 400 4761 ostendit.
473 4706 713 4779 Gregors
706 4707 798 4778 M.
834 4706 983 4776 hom.
1017 4705 1078 4761 in
1112 4721 1199 4762 ev.
1236 4709 1286 4777 1,
1321 4708 1374 4780 3,
1409 4709 1459 4763 3.

219 4824 872 4886 Mom,1ateln.nymnen.
917 4826 982 4872 11.
1178 4900 1185 4905 Ι
1300 4823 1305 4827 ’
2276 4801 2321 4867 2
