3167 5242
173 938 295 1004 Ave
335 936 528 1019 virgo
571 935 891 1020 virginum
907 986 927 1021 ,

254 1061 396 1124 quae
443 1043 650 1105 verbo
695 1043 1080 1128 concepisti,

174 1164 290 1209 ave
337 1144 591 1209 lactans
635 1142 835 1208 filium

251 1248 443 1331 virgo
487 1248 934 1333 permansisti,

169 1372 287 1421 ave
336 1353 488 1420 coeli
531 1351 835 1436 gaudium

251 1456 467 1520 nutrix
510 1456 718 1522 Jhesu
763 1454 1034 1538 Christi,

170 1559 348 1626 salva
389 1579 561 1626 nunc
603 1580 706 1624 me
750 1560 1050 1624 miserum

249 1663 316 1728 in
360 1664 489 1729 hoc
530 1664 769 1729 mundo
814 1662 998 1728 tristi.

164 1853 374 1919 Maria
415 1860 622 1918 mater
667 1851 805 1935 dei,

243 1956 566 2020 thalamus
612 1955 847 2019 amoris
863 2003 881 2037 ‚

158 2059 373 2127 Maria
420 2058 669 2140 requiei

247 2163 464 2241 sinus,
504 2162 651 2225 fons
697 2160 1016 2245 dulcoris,

158 2267 374 2335 Maria
422 2266 629 2331 nostri
677 2266 819 2352 spei

242 2378 506 2455 portu8‚
551 2388 717 2454 pons
764 2368 1062 2452 terroris,

160 2483 482 2543 memento
527 2493 751 2558 quaeso
795 2473 921 2538 mei

247 2577 411 2643 caeci
454 2576 842 2663 peccatoris.

166 2765 389 2832 Gratia
430 2765 808 2851 plenissima

242 2873 437 2956 virgo
484 2879 551 2937 te
596 2871 855 2953 refecit,

163 2975 373 3057 gratia
418 2975 793 3060 gratissima

238 3087 520 3143 matrem
565 3084 628 3141 te
663 3075 977 3161 perfecit,

160 3180 368 3261 gratia
411 3178 781 3244 firmissima

240 3283 306 3348 in
350 3291 418 3348 te
461 3300 597 3347 non
636 3280 907 3365 defecit3

161 3384 266 3450 ille
309 3406 414 3451 me
460 3384 750 3468 reficiat,

244 3492 354 3572 qui
391 3497 459 3554 te
506 3488 704 3552 talem
746 3487 918 3553 fecit.

163 3672 352 3744 Plena
396 3677 730 3763 pudicitiae

242 3781 436 3864 virgo
484 3779 864 3862 singularis,

165 3881 354 3966 plena
398 3884 550 3949 laus
597 3883 926 3965 ecclesiae,

241 4006 487 4072 parens
535 3972 775 4070 expers
816 3986 996 4070 paris
1007 4029 1053 4071 ,.

163 4090 353 4172 plena
394 4111 572 4157 vena
615 4089 859 4173 veniae,

243 4195 427 4262 clara
472 4194 666 4261 stella
707 4194 933 4280 maris,

155 4292 358 4384 iunge
402 4320 511 4366 me
555 4299 801 4365 laetitiae
817 4348 835 4382 ‚

242 4423 390 4488 quae
436 4407 537 4472 sic
569 4403 971 4490 jocundaris.

163 4592 467 4664 Dominus
508 4595 577 4660 in
619 4604 811 4662 utero

239 4707 356 4769 tuo
398 4710 787 4788 procreatus
801 4750 822 4789 ,

1116 716 1289 793 400.
1354 716 1514 791 Ave
1565 716 1823 789 Maria.

1329 1955 1410 2019 10

1328 2476 1407 2541 15

1325 3074 1408 3138 20

1323 3676 1405 3742 25

1324 4194 1408 4259 30

1515 938 1809 1005 dominus
1855 938 1939 1002 ab
1982 945 2172 1002 utero

1471 1058 1482 1071 '
1600 1062 1870 1109 manens
1913 1044 2242 1109 increatus
2256 1091 2273 1126 ,

1515 1147 1810 1215 dominus
1855 1164 1979 1232 pro
2024 1146 2268 1230 populo

1601 1251 1699 1316 sic
1740 1250 2105 1315 humiliatus

1515 1357 1599 1423 sit
1641 1354 1796 1419 mihi
1839 1370 2019 1419 caeco
2063 1352 2300 1441 misero

1603 1478 1726 1543 per
1768 1463 1835 1521 te
1881 1453 2015 1519 dux
2056 1454 2374 1540 placatus.

1519 1651 1745 1719 Tecum
1786 1655 2003 1712 manet
2046 1645 2287 1729 deitas,

1603 1774 1749 1818 nam
1794 1750 1956 1816 deus
2001 1758 2102 1815 est
2144 1757 2388 1832 tecum,

1515 1864 1728 1921 tecum
1772 1862 1999 1922 sancta
2042 1855 2295 1923 trinitas

1603 1967 1671 2022 et
1712 1966 1784 2023 tu
1826 1977 2093 2023 manens
2138 1975 2389 2039 secum,

1515 2070 1728 2127 tecum
1772 2079 2017 2127 summa
2058 2060 2403 2142 sanctitaS,

1601 2163 1711 2228 fac
1750 2164 2021 2229 salutem
2062 2179 2350 2242 mecum,

1516 2272 1837 2330 errantem
1883 2283 2005 2348 per
2050 2263 2360 2327 tenebras

1600 2364 1887 2430 illumina
1933 2382 2036 2427 me
2082 2380 2342 2431 caecum.

1510 2556 1851 2626 Benedicta
1892 2553 2150 2618 domina

1597 2664 1665 2727 in
1702 2657 2154 2744 concipiendo,

1511 2765 1857 2835 benedicta
1900 2763 2149 2828 femina

1599 2869 1667 2933 in
1708 2866 2168 2954 parturiendo,

1511 2972 1859 3041 benedicta
1901 2972 2159 3055 virgula

1597 3079 1790 3161 virgo
1835 3076 2311 3161 permanendo,

1509 3203 1645 3266 me,
1690 3191 1757 3246 te
1798 3199 2037 3266 precor
2056 3227 2074 3263 ‚
2121 3180 2365 3263 adjuva

1601 3288 1815 3353 saltim
1860 3283 2212 3353 moriendo,

1516 3483 1606 3550 Tu
1650 3479 1843 3547 sedes
1888 3479 1957 3544 in
2000 3479 2205 3565 solio,

1596 3586 1789 3668 virgo
1834 3589 2178 3664 coronata,

1511 3696 1582 3753 tu
1625 3686 1873 3770 gaudes
1919 3704 2064 3752 cum
2098 3682 2265 3768 filio,

1599 3796 1806 3853 mater
1840 3786 2231 3872 jocundata,

1513 3900 1585 3958 tn
1629 3890 1905 3976 repleris
1946 3891 2189 3975 gaudio
2207 3937 2227 3975 ,

1601 3995 1790 4081 prole
1834 3995 2208 4077 sublimata3

1512 4106 1657 4164 esto
1700 4105 1814 4164 tuo
1855 4098 2099 4167 famulo

1596 4211 1804 4271 mater
1848 4203 2189 4269 advocata.

1509 4390 1593 4456 In
1635 4389 1805 4455 coelo
1850 4397 1915 4454 te
1958 4388 2282 4473 glorificat

1599 4492 1982 4577 angelorum
2024 4492 2257 4574 decus,

1509 4598 1578 4665 in
1622 4595 1804 4661 terra
1845 4604 1911 4661 te
1952 4597 2219 4662 invocat

1597 4700 1869 4775 Latinus
1913 4708 1982 4770 et
2022 4700 2325 4787 Graeoun,

2679 940 2763 1004 35

2679 1453 2765 1517 40

2677 2057 2765 2120 45

2678 2655 2766 2720 50

2678 3182 2766 3245 5⁵

2677 3788 2765 3852 60

2675 4386 2762 4451 65
