3167 5242
2620 253 2755 320 10⁸

35 430 38 455 '
155 438 344 525 regni·
376 437 739 505 diademate
1495 448 1568 507 ut
1609 460 1733 525 per
1774 459 1948 508 nova
1987 441 2240 508 foedera

234 542 501 628 pulchre
545 543 914 627 coronavit,
1311 544 1391 608 10
1583 543 1800 611 cordis
1842 565 1977 630 pax
2021 545 2324 611 abundet.
2657 546 2744 612 20

155 646 522 730 angelorm
565 654 913 732 pneumate

231 749 389 816 mire
436 749 848 817 collaudavit.
1491 708 1692 774 Amen
1735 706 1955 774 ‘flant
1997 709 2240 793 ‘mnia'

1580 817 1652 875 ut
1693 828 1864 876 nunc
1905 830 2031 895 per
2074 820 2140 875 te
2183 812 2295 894 pia

163 914 453 998 Chri-rme,
495 916 704 999 patris
749 915 1042 999 dextera,
1491 931 1865 978 recreemur
1906 912 2120 994 gratia
2137 959 2155 995 ,

231 1037 351 1102 per
393 1024 460 1081 te
499 1034 621 1081 nos
665 1017 995 1100 emendet,
1580 1015 1769 1099 virgo
1811 1023 2020 1081 mater
2062 1015 2206 1099 dia3

154 1117 403 1203 pietatis
446 1120 704 1185 viscera
1308 1118 1387 1181 15
1492 1120 1579 1187 da
1620 1129 1890 1205 gustare
1933 1123 2176 1208 gaudia
2616 1128 2739 1191 125

226 1222 291 1286 in
331 1224 523 1289 nobis
565 1225 901 1308 fecundet,
1579 1223 1728 1288 coeli
1769 1242 1889 1288 nos
1931 1226 2000 1289 in
2041 1226 2181 1310 via,

65 1322 75 1330 “
150 1326 428 1392 caritatis
472 1344 677 1411 opera
1491 1325 1753 1392 tandem
1797 1335 2008 1395 tecum
2053 1329 2267 1415 gloria

73 1418 88 1441 ²
227 1429 472 1515 largius
515 1430 861 1514 secundet,
1573 1430 1828 1514 perfrui
1869 1430 2100 1498 Maria.
2380 1442 2383 1445 ’

316 1598 414 1654 Hs.
449 1615 520 1655 zu
553 1599 843 1670 munchen,
879 1598 1019 1656 Glm.
1054 1599 1211 1654 3012.
1246 1594 1284 1654 f.
1319 1598 1404 1653 36.
1441 1598 1510 1652 15
1544 1595 1740 1652 Jahrb.

312 1722 349 1776 3
397 1721 691 1778 entweder
724 1722 802 1778 ist
851 1721 1167 1793 virginibue
1219 1719 1629 1790 beizudenkeu,
1683 1719 1826 1777 oder
1859 1720 2025 1777 nobis
2060 1738 2132 1777 zu
2166 1726 2376 1779 setzen.
2446 1725 2516 1778 55
2553 1724 2736 1798 cingis

152 1802 394 1900 fastigia,
429 1809 526 1866 Hs.
597 1810 704 1864 104
736 1808 982 1880 prolata,
1018 1809 1112 1864 Hs.
1196 1809 1300 1863 108
1335 1806 1579 1879 placata,
1615 1807 1710 1862 Hs.
1792 1834 1797 1838 ·

310 1928 379 1984 V.
423 1932 508 1984 15.
546 1930 632 1983 16.
701 1944 839 1984 rosa
887 1928 1006 1984 sine
1054 1927 1233 2001 spina.
1338 1927 1442 1983 Bei
1487 1927 1595 1983 den
1640 1928 1937 1984 Lateinern
1987 1931 2066 1986 ist
2112 1931 2267 1987 dieue
2318 1932 2744 2011 Vergleichung

145 2014 424 2088 unfign,
486 2015 604 2071 bei·
628 2016 736 2071 den
771 2015 1043 2072 Griechen
1090 2015 1181 2070 die
1216 2013 1424 2071 andere
1443 2055 1458 2085 ,
1526 2014 1671 2069 Lilie
1718 2022 1882 2072 unter
1927 2017 2035 2073 den
2081 2017 2324 2075 Dornen.
2394 2021 2499 2076 No.
2535 2024 2658 2094 381,
2697 2025 2734 2081 8

144 2102 403 2173 Νο.339,
440 2105 490 2157 1.
560 2103 720 2159 Nach
756 2103 916 2159 Cant.
948 2106 1000 2172 2,
1036 2106 1089 2157 2.

307 2189 377 2244 V.
413 2191 497 2244 19.
551 2190 797 2246 lucerna.
850 2190 909 2246 S.
944 2190 1047 2245 No.
1082 2191 1204 2258 410,
1240 2191 1295 2245 3.

312 2275 382 2331 V.
421 2278 504 2332 19.
539 2280 628 2333 20.
682 2274 917 2333 foedera.
959 2294 1090 2350 pax.
1143 2278 1277 2334 Haec
1330 2280 1419 2334 eet
1467 2247 1610 2332 vera
1643 2290 1757 2348 pax
1793 2280 1851 2331 et
1887 2291 2010 2332 cum
2045 2282 2305 2333 creatore
2342 2286 2540 2337 nostro
2577 2283 2743 2339 uobis

147 2358 302 2419 firma
338 2365 631 2435 connexio,
666 2366 926 2437 purgatis
963 2371 1021 2421 et
1056 2365 1439 2423 reconciliatis
1474 2380 1580 2435 per
1613 2363 1982 2420 mediatorem
2016 2365 2169 2435 vitae,
2206 2365 2352 2423 sicut
2383 2368 2649 2427 maculati
2683 2375 2744 2429 et

145 2448 371 2507 alienati
406 2452 479 2509 ab
515 2468 588 2508 eo
623 2467 1033 2508 recesseramus
1070 2469 1175 2524 per
1208 2452 1573 2509 mediatorem
1609 2452 1825 2507 mortis.
1895 2454 2158 2524 Αιιφιεεὲπ.
2194 2452 2264 2507 de
2299 2455 2472 2513 trinit.
2506 2459 2559 2528 4,
2598 2459 2682 2513 13.

309 2539 381 2595 V.
414 2543 504 2597 27.
535 2540 623 2594 28.
675 2539 806 2612 vgl.
840 2539 947 2595 No.
983 2542 1106 2610 326,
1142 2541 1229 2612 99,
1266 2541 1383 2595 100.
1435 2539 1539 2596 No.
1575 2541 1698 2610 325,
1733 2541 1785 2594 1.
1837 2539 1943 2597 Νο.
1976 2541 2101 2611 328,
2133 2542 2188 2596 2.

313 2626 385 2683 V.
423 2629 510 2683 53.
544 2628 629 2681 54.
699 2627 831 2700 Vgl.
867 2629 992 2699 369,
1026 2629 1112 2684 20.

312 2712 380 2769 V.
415 2715 500 2769 58.
539 2716 626 2769 60.
661 2716 749 2771 62.
818 2718 1083 2786 Anqustin.
1117 2714 1186 2770 de
1220 2714 1430 2775 catech.
1466 2713 1589 2771 rud.
1623 2714 1697 2770 40
1739 2718 1870 2788 sagt
1915 2730 2032 2771 von
2065 2716 2274 2773 Maria:
2334 2717 2506 2792 virgo
2545 2720 2740 2778 conci-

147 2811 325 2870 plens,
360 2801 531 2872 virgo
567 2801 795 2873 pariens
813 2843 827 2871 ,
864 2803 1035 2875 virgo
1072 2801 1333 2859 moriens.

320 2887 388 2944 V.
425 2890 510 2943 79.
548 2889 634 2944 80.
688 2888 830 2944 Illud
879 2889 1109 2945 dicimus
1156 2906 1365 2961 corpus
1401 2888 1611 2946 christi
1658 2893 1718 2944 et
1763 2888 2119 2961 sanguinem,
2182 2893 2335 2964 quod
2368 2908 2441 2949 ex
2476 2892 2740 2968 frugibu-

151 2972 310 3029 terrae
354 2981 649 3047 acceptum
699 2991 767 3031 ac
818 2992 987 3048 prece
1033 2977 1273 3049 mystica
1309 2982 1700 3033 consecratum
1746 2977 1854 3033 rite
1891 2978 2153 3033 sumimus
2190 2980 2263 3035 ad
2298 2980 2537 3038 salutem
2572 2983 2741 3055 spiri-

149 3059 310 3116 talem
353 3062 413 3118 in
449 3061 777 3119 memoriam
810 3079 919 3134 pro
954 3064 1119 3119 uobis
1154 3062 1447 3120 dominicae
1482 3063 1794 3136 passionis:
1858 3065 2007 3135 quod
2034 3080 2155 3120 cum
2191 3083 2297 3138 per
2328 3083 2530 3125 manus
2564 3070 2742 3125 homi-

150 3161 267 3205 num
299 3151 372 3206 ad
406 3151 568 3208 illam
602 3152 882 3209 visibilem
907 3153 1147 3224 speciem
1174 3153 1534 3224 perducatur,
1571 3169 1686 3208 non
1712 3149 2115 3223 sanctificatur,
2149 3158 2212 3208 ut
2237 3155 2313 3210 sit
2339 3161 2454 3213 tam
2478 3171 2740 3229 magnum

158 3247 569 3310 sacramentum,
606 3239 715 3295 nisi
751 3246 1026 3313 operante
1062 3239 1421 3296 invisibiliter
1454 3238 1659 3311 spiritu
1692 3239 1799 3294 dei.
1868 3241 2133 3310 Ancyram.
2170 3239 2240 3295 de
2277 3241 2450 3297 trinit.
2484 3243 2537 3312 3,
2566 3243 2650 3296 10.

309 3388 371 3444 Ιιι
406 3390 598 3446 dieser
632 3386 1119 3446 Ausffihrlichkeit
1163 3388 1361 3445 wurde
1408 3388 1511 3445 der
1545 3387 1835 3465 englische
1873 3387 2049 3445 Grues
2097 3403 2210 3443 von
2245 3386 2431 3443 vieleu
2470 3388 2740 3445 Dichter-n

153 3467 483 3548 bearbeitet3
545 3493 670 3533 zum
703 3477 960 3537 Beweise
995 3475 1133 3554 flige
1169 3477 1262 3535 ich
1297 3477 1388 3537 ein
1422 3476 1643 3531 kleines
1676 3475 2068 3533 Verzeichnise
2116 3475 2345 3533 eolcher
2376 3476 2580 3533 [jeder
2629 3476 2740 3550 bei,

156 3554 234 3614 die
266 3561 354 3618 ich
390 3564 447 3621 in
494 3564 615 3620 lise.
654 3562 952 3636 gesunden.

151 3669 428 3814 &ruffio
467 3669 565 3725 Hs.
598 3668 692 3740 VI,
727 3672 778 3724 3.
829 3670 928 3725 des
981 3672 1046 3724 15
1082 3668 1278 3726 Jahrb.
1327 3685 1399 3724 zu
1443 3667 1504 3725 S.
1552 3667 1725 3723 Peter
1766 3667 1825 3727 in
1868 3666 2152 3740 Salzburg
2197 3668 2418 3726 euthalt
2470 3667 2741 3745 folgende
2816 3682 2829 3695 ·

377 3759 566 3817 'teder

232 3862 278 3914 1
324 3862 526 3920 ontio
560 3874 734 3933 super
765 3863 887 3919 Ave
920 3861 1120 3921 nnn-ia.
1163 3860 1290 3921 Ans.
1777 3863 1831 3916 2.
1883 3859 2070 3932 Super
2100 3876 2211 3917 ave
2244 3860 2444 3919 nasia.

346 3966 472 4021 Ave
508 3961 775 4018 desiderii
1700 3967 1823 4023 Ave
1856 3963 2025 4037 virgo
2062 3965 2345 4037 virginum
2358 4006 2374 4037 ,

418 4051 528 4110 flea
563 4057 624 4108 et
657 4049 788 4108 fons
823 4051 1091 4124 dulcoris,
1769 4066 1881 4106 ave
1912 4056 2094 4108 mater
2128 4051 2246 4120 dei,
2298 4042 2302 4046 ’

347 4137 551 4195 hortus
585 4136 872 4211 refrigerii
886 4178 903 4208 ,
1700 4156 1809 4196 ave
1843 4145 2023 4197 mater
2057 4138 2353 4209 luminum,

421 4227 677 4284 suavitas
712 4227 944 4297 oderisi,
1675 4244 1681 4251 ·
1767 4243 1875 4283 ave
1911 4226 2064 4282 salue
2099 4226 2214 4297 rei,

348 4314 559 4372 victrix
589 4315 944 4391 improperii,
1283 4386 1292 4396 ι
1700 4329 1809 4370 ave
1845 4315 2060 4370 culmen
2098 4313 2422 4384 culminum,

421 4403 712 4503 speculum
737 4402 1000 4475 Ιιοιιοτίε,
1768 4418 1985 4465 memor
2018 4407 2144 4459 esto
2180 4401 2322 4471 mei,

349 4485 470 4545 filia
505 4490 753 4564 imperii,
1694 4491 1831 4547 mihi
1864 4490 2096 4563 placens
2132 4488 2411 4546 dominum

420 4594 628 4649 parens
665 4580 991 4638 conditoris.
1054 4581 1123 4635 12
1151 4578 1384 4652 Stroph.
1761 4592 1851 4632 me
1886 4573 2207 4633 reformans
2244 4575 2314 4632 ei.
2386 4578 2455 4633 12
2489 4574 2609 4634 Str.

317 4679 488 4742 steht
523 4686 667 4743 auch
702 4685 761 4742 in
794 4685 896 4743 der
930 4685 1024 4742 He.
1059 4682 1101 4755 1,
1138 4685 1209 4741 14
1241 4681 1540 4742 dereelbeu
1572 4679 1899 4740 Bibliothek
1932 4696 2036 4740 aus
2071 4681 2328 4757 gleieher
2362 4679 2504 4743 zeit.
