3167 5242
304 383 310 390 0

387 445 628 504 andern:
681 442 870 519 ἐβόησε
914 438 1211 520 πρρτνπῶν
1262 439 1358 512 τὴν
1404 439 1581 513 ταφὴν
1628 440 1837 511 (mart.
1873 440 1955 496 10.
1988 440 2131 514 18),
2191 441 2391 506 wenis
2436 458 2500 498 es
2547 457 2698 517 ganz
2737 441 3011 501 iheruin-

389 533 613 589 stimmt.

565 644 593 695 1
633 639 756 694 dem
788 638 935 693 vers
971 634 1116 693 fehlt
1145 636 1268 692 eine
1304 634 1499 707 Sylbe.
1587 636 1659 690 10
1691 632 1884 712 napos,
1918 634 2015 690 Hs.
2087 637 2155 689 13
2192 635 2508 710 ἐπίαλεψον,
2544 637 2644 694 Hs.
2714 637 2783 691 14
2818 637 3011 692 πυθι-

389 726 643 801 amm,
679 729 774 783 ns.
847 727 916 781 16
953 722 1268 801 &papst-mr,
1304 724 1399 780 Hs.
1468 721 1599 780 Aue
1636 722 1788 778 diese
1824 723 2253 795 Sehreibungen
2290 725 2540 782 berubeu
2578 722 2689 781 auf
2715 724 2817 779 der
2851 726 3011 780 Ans-

388 817 645 892 spi-acho.

564 937 628 993 V.
663 940 713 993 2.
767 938 881 993 nas
930 935 1260 992 lateinische
1307 938 1630 1006 compunctio
1687 933 1764 988 ist
1812 949 1997 1005 genau
2050 934 2196 990 nach
2242 934 2532 1003 κατᾰνυξις
2579 936 2831 1011 gebildet
2882 937 3006 1010 und

388 1026 540 1082 wird
572 1026 781 1081 ebenso
818 1026 919 1080 mit
955 1024 1077 1078 dem
1110 1021 1513 1079 Leidensltelch
1551 1019 2114 1092 zusammengestellt.
2167 1022 2273 1078 No.
2311 1024 2435 1092 546,
2474 1026 2556 1078 13.

561 1113 626 1169 V.
662 1116 776 1167 ’1-
793 1115 842 1168 9.
895 1112 954 1167 111
1004 1111 1182 1165 ciuem
1230 1109 1443 1164 andern
1491 1107 1854 1163 Marionliede
1904 1109 2161 1167 Par-aelel.
2207 1110 2328 1164 248.
2378 1110 2531 1167 steht
2577 1110 2842 1168 derselbe
2890 1112 3009 1168 Ge-

389 1202 635 1259 danken:
693 1197 1043 1269 ἐπλήθυναν,
1097 1197 1371 1262 δέσποτα,
1422 1190 1561 1270 ὑπὲρ
1602 1191 1784 1269 ἅμμον
1820 1195 2129 1254 θαλασσῶν
2163 1195 2233 1252 τὰ
2266 1198 2477 1275 πονηρά
2509 1217 2620 1272 μου
2653 1204 3003 1271 πταίσματα.

387 1291 547 1349 Α11011
581 1288 639 1342 in
674 1287 1042 1343 lateinisehen
1079 1282 1455 1340 Bussliedern.
1509 1282 1617 1339 No.
1653 1284 1779 1355 285,
1814 1284 1895 1339 10.

731 1567 900 1696 562.
969 1617 1324 1722 Λάινίτς.
1368 1622 1714 1715 Mariam,
1763 1633 1923 1694 ante
1975 1648 2029 1694 s.
2084 1624 2659 1718 communionem.

386 1857 538 1926 Ave
584 1861 774 1942 virgo
820 1859 1179 1943 virgiuum,

391 1984 537 2048 quae
583 1963 863 2046 genuisti
908 1961 1261 2045 dominum,

387 2068 916 2152 triumphatorem
964 2065 1214 2149 zabuli,

386 2159 834 2254 reparatorem
876 2168 1119 2233 saeculi.

384 2359 598 2426 Maria
617 2407 636 2443 ,
683 2360 875 2443 virgo
919 2359 1238 2442 virgiuum
1259 2405 1278 2441 ‚

385 2472 760 2530 cunctorum
803 2465 949 2529 fons
994 2463 1400 2545 solaminum,

381 2569 695 2654 peccavi,
740 2568 869 2631 heu
913 2587 1014 2631 me
1058 2567 1393 2630 miserum!

384 2692 428 2736 a
469 2680 534 2735 te
578 2689 784 2755 posco
827 2670 1197 2735 remedium.

381 2859 543 2928 Esto
587 2858 741 2923 mihi
786 2859 1022 2921 misero

385 2965 702 3031 salvatrix
747 2971 816 3028 et
860 2963 1188 3045 defensio,

380 3069 716 3134 incurrunt
758 3068 982 3132 hostes
1026 3064 1340 3148 undique,
1442 3102 1446 3106 -

382 3173 733 3239 devastant
775 3173 973 3237 vitam
1019 3171 1265 3236 animae.

378 3355 685 3430 Pet-versi
730 3362 910 3427 foras
955 3362 1282 3443 homines,
1341 3429 1346 3434 ,

379 3466 645 3549 maligni
687 3467 856 3530 intus
905 3463 1265 3547 daemoneS,

369 3567 513 3653 jam
556 3569 753 3631 multa
797 3567 950 3631 mihi
993 3568 1267 3632 vulnera

378 3672 581 3739 infixa
624 3682 801 3756 sunt,
847 3693 889 3740 o
933 3673 1207 3749 domina,

379 3866 539 3944 Quae
577 3867 701 3931 nisi
744 3874 816 3932 tu
858 3867 1221 3949 curaveris,
1319 3879 1323 3883 ·

381 3978 532 4038 sunt
574 3990 772 4038 causa
814 3973 942 4036 mei
985 3971 1258 4057 funeris,

379 4073 508 4140 heu
554 4075 764 4162 culpae
809 4094 960 4140 reus
1007 4082 1264 4158 teneor,

380 4197 571 4261 quam
616 4178 732 4243 tibi
774 4198 945 4245 1111110
989 4178 1321 4244 confiteor.

375 4367 542 4435 Nam
588 4368 865 4453 quinque
911 4389 1138 4435 sensus
1187 4368 1481 4457 corporis

377 4471 568 4538 effeci
610 4483 835 4557 portas
881 4475 1193 4558 oriminis,

375 4576 666 4643 videndo.
702 4577 976 4663 pulchra
1020 4580 1324 4666 cupiens,

376 4680 708 4763 tangendo
747 4682 901 4749 lene
943 4681 1248 4768 diligens.

1546 3569 1627 3631 15

1542 4182 1627 4245 20

1738 1857 1983 1926 Audivi
2020 1863 2228 1928 libens
2273 1862 2518 1946 turpia,

1738 1967 2002 2029 narravi
2048 1967 2342 2049 gaudens
2387 1967 2655 2052 frivola,

1739 2070 1993 2153 replevi
2037 2090 2231 2135 nares
2276 2073 2517 2156 saepius

1736 2172 1974 2238 illicitis
2022 2175 2349 2240 odoribus.

1734 2357 1872 2424 Esu
1916 2368 2205 2443 potuque
2251 2361 2528 2427 dulcium

1737 2481 1878 2526 sum
1923 2462 2285 2530 delectatus
2331 2466 2623 2549 nimium,

1738 2568 2041 2631 consensi
2080 2567 2500 2635 suadentibus

1737 2670 2009 2735 mortale
2055 2673 2298 2737 crimen
2343 2673 2655 2740 hostibus,

1654 2840 1659 2844 ,
1734 2861 2018 2927 Peccavi
2061 2881 2182 2946 per
2226 2861 2595 2945 superbiam

1552 2963 1632 3025 10
1664 3019 1668 3024 ,

1737 2976 1803 3032 et
1847 2989 1968 3052 per
2011 2969 2265 3036 inanem
2310 2969 2635 3052 gloriam‚,

1735 3072 2019 3155 pollutus
2064 3091 2204 3136 sum
2247 3071 2573 3155 perjurio,

1737 3175 2206 3241 contaminatus
2252 3175 2404 3241 oti0.

1734 3365 2025 3448 Iniquum
2068 3389 2190 3452 per
2231 3367 2631 3435 mendacium

1734 3470 1937 3535 fefelli
1983 3491 2163 3556 saepe
2208 3474 2572 3557 proximum

1734 3594 1815 3641 ac
1859 3575 1941 3641 de
1986 3577 2224 3643 sudore
2269 3597 2627 3663 pauperum

1733 3677 1973 3762 collegi
2017 3698 2217 3744 censu
2260 3679 2623 3764 plurimum.

1732 3869 1857 3935 Irae
1902 3876 1969 3935 et
2013 3871 2307 3935 avaritiae

1732 3973 1975 4038 servivi
2020 3980 2089 4037 et
2129 3973 2441 4055 luxuriae,

1731 4077 1798 4141 in
1843 4095 2121 4161 corpore
2166 4084 2233 4140 et
2278 4077 2490 4142 anima

1732 4180 2017 4247 commisi
2060 4180 2260 4245 multa
2306 4177 2558 4244 scelera
2574 4224 2594 4261 ‚

1730 4369 1816 4436 Et
1861 4389 2005 4454 quae
2051 4386 2289 4454 corpus
2332 4386 2465 4433 non
2506 4368 2751 4453 potuit,

1728 4493 1910 4539 mens
1951 4483 2338 4559 perpetrare
2381 4472 2603 4537 voluit.

1728 4579 1875 4645 haec
1916 4579 2033 4645 tibi
2075 4597 2245 4645 nunc
2290 4575 2636 4658 confiteor,

1730 4701 1773 4752 0
1816 4683 2060 4751 cunctis
2102 4683 2345 4751 sanctis
2388 4680 2719 4749 sanctior!-

2911 1867 3004 1929 25

2907 2469 3005 2533 30

2906 3073 3001 3135 35

2900 4372 3003 4436 45
