3167 5242
207 470 358 540 Ave
401 472 660 555 fulgens
704 468 905 536 archa
949 468 1085 552 dei,

205 576 395 661 cujus
437 575 610 639 nitor
654 571 900 657 speciei

203 678 418 743 lucem
460 682 728 760 superat
774 674 932 756 diei,

201 787 345 847 tota
386 782 595 844 virtus
640 797 803 843 meae
848 777 993 861 spei

291 885 397 949 his
438 883 700 948 intende
743 881 1089 968 precibus!
1367 881 1452 945 50

204 1100 410 1168 Salve
456 1119 643 1166 arcus
690 1100 950 1165 aerinas
966 1147 984 1182 ,

203 1207 572 1280 colorosus,
618 1223 746 1269 nen
792 1204 1059 1287 supinus
1078 1252 1094 1284 ,

202 1311 383 1376 clare
427 1309 649 1373 lucens
694 1308 1142 1389 vespertinus,

203 1432 397 1498 quem
437 1412 717 1476 illustrat
759 1410 861 1474 sol
905 1408 1194 1490 divinus,

289 1525 469 1582 stans
511 1517 577 1579 in
620 1516 876 1598 signum
917 1512 1204 1577 faederis,
1368 1512 1453 1574 55

197 1732 404 1799 Salve
450 1733 663 1817 campi
705 1731 828 1796 fles
846 1779 864 1814 ,
909 1732 1018 1814 qui
1061 1729 1239 1794 miris

195 1837 416 1920 fulges
460 1837 695 1919 signiS‚
743 1835 892 1899 dum
939 1834 1129 1898 oriris
1148 1882 1167 1917 ,

195 1960 352 2006 mox
397 1961 437 2004 a
482 1941 605 2003 tuis
652 1939 802 2003 dum
845 1937 1137 2020 sentiris,

195 2045 421 2109 favum
466 2044 673 2106 mellis
719 2043 1017 2125 elargiris
1038 2089 1055 2124 ,

287 2150 408 2215 dos
456 2151 657 2215 divini
699 2150 1001 2215 muneris.
1363 2147 1447 2211 60

193 2364 403 2433 Salve
449 2386 492 2432 e
536 2369 831 2434 columna
874 2367 1078 2450 igniS,

193 2489 323 2537 nec
367 2489 494 2535 non
539 2473 724 2538 nubis
768 2472 946 2536 miris
991 2470 1194 2553 signis

195 2591 320 2641 nos
365 2574 647 2640 educens
694 2596 735 2640 a
777 2575 1109 2657 malignis,

194 2699 319 2764 per
364 2678 691 2745 desertum
729 2680 940 2763 junge
990 2678 1202 2761 dignis

283 2784 351 2847 in
396 2785 715 2867 promissa
755 2784 986 2869 patria.
1362 2782 1445 2846 65

196 2996 403 3062 Salve
449 2999 642 3081 virga
684 2996 918 3077 Jesse,
962 2994 1190 3060 florem

193 3100 366 3182 fers,
412 3102 519 3182 qui
564 3100 744 3165 coelis
788 3098 903 3164 dat
945 3098 1241 3181 odorem,

193 3205 316 3270 fibi
358 3205 549 3287 virgo
595 3204 725 3269 fert
768 3203 1071 3269 decorem
1086 3250 1103 3285 ,

193 3325 460 3374 suavem
505 3316 701 3372 terrae
747 3307 860 3372 dat
902 3306 1232 3373 dulcorem

281 3409 693 3493 profugando
736 3410 910 3474 vitia.
1359 3411 1442 3475 ’10

196 3625 399 3693 Salve
444 3635 649 3692 mater
692 3627 1068 3711 benedicta,

192 3733 260 3797 in
307 3753 433 3816 qua
477 3734 653 3798 nulla
698 3741 847 3798 sunt
892 3731 1160 3817 delicta,

191 3834 355 3903 Evae
392 3836 559 3919 jugo
605 3854 734 3900 non
779 3837 1076 3920 astricta,

189 3958 317 4005 nec
358 3941 426 4004 in
470 3948 665 4022 partu
708 3957 781 4003 es
828 3940 1096 4023 afflicta,

205 4069 216 4078 ·
279 4043 401 4109 sed
443 4043 635 4108 enixa
670 4042 976 4128 jubilans.
1354 4043 1438 4106 75

192 4275 397 4344 Salve
442 4280 695 4346 humilis
732 4280 969 4346 ancilla

190 4382 300 4448 dei
341 4386 509 4464 veri,
558 4404 745 4469 quem
788 4384 1026 4468 pusilla

189 4494 302 4553 tua
346 4486 553 4553 lactas
597 4509 682 4554 ex
723 4489 1004 4553 mamilla
1015 4510 1037 4571 3

183 4590 318 4658 luci
360 4590 487 4654 frui
529 4592 635 4658 fac
677 4609 797 4657 nos
841 4593 986 4675 ina,

272 4695 340 4760 in
386 4714 515 4780 qua
554 4696 772 4783 fulges
804 4698 1095 4768 rutilans.
1345 4697 1434 4765 80

1557 466 1765 536 Salve
1809 472 2003 554 virge
2046 471 2395 557 singularis

1557 579 1768 637 mater
1809 579 2024 638 tamen
2068 575 2208 639 miri
2253 577 2480 661 marie,

1556 674 1731 739 unde
1777 675 1917 739 sola
1962 695 2202 760 expers
2245 680 2425 762 paris

1560 777 1760 861 digne
1804 780 2051 845 eunctis
2096 780 2447 848 dominaris
2780 868 2785 873 .

1645 882 1714 946 in
1758 901 2060 969 supremo
2103 885 2286 951 solio.
2718 891 2805 956 85

1559 1095 1764 1163 Salve
1809 1094 1988 1163 Saba
2032 1117 2357 1180 generosa

1561 1220 1603 1267 e
1647 1204 1878 1284 regina
1919 1205 2240 1286 gloriosa,

1560 1306 1735 1371 dona
1776 1307 1954 1390 regis
1997 1310 2285 1392 pretiosa

1558 1410 1891 1493 impertire
1934 1413 2226 1494 gratiosa

1646 1515 1833 1579 nobis
1877 1516 1943 1578 in
1988 1517 2200 1581 exilio.
2720 1517 2801 1582 90

1556 1728 1793 1815 Salve,
1838 1732 1942 1797 eui
1987 1731 2175 1798 dulce
2219 1732 2373 1816 fari,

1556 1834 1641 1900 de
1687 1855 1818 1920 qua
1859 1836 2032 1920 pium
2077 1836 2409 1919 meditari,

1554 1938 1622 2002 in
1667 1958 1794 2021 qua
1837 1957 2039 2003 suave
2076 1940 2452 2023 jocundari,

1556 2061 1748 2124 quam
1790 2044 2050 2108 beatum
2095 2044 2453 2128 amplexari

1640 2144 1709 2208 in
1753 2147 1991 2209 ameris
2036 2147 2347 2212 brachiis!
2717 2147 2798 2210 95

1553 2358 1757 2426 Salve
1802 2362 2136 2444 speculum
2177 2363 2525 2447 virtutum,

1552 2466 1643 2529 sis
1689 2465 1964 2531 certanti
2008 2465 2160 2530 mihi
2204 2476 2484 2550 scutum,

1552 2569 1802 2634 hostem
1848 2571 2207 2653 reprimens
2251 2579 2621 2655 versutum,

1549 2675 1721 2738 mele
1765 2676 1979 2740 earnis
2021 2695 2124 2739 me
2170 2683 2431 2742 exutum

1638 2777 1786 2842 coeli
1820 2777 2030 2860 junge
2074 2777 2349 2860 gaudiis.
2669 2778 2793 2842 100

1552 2992 1806 3076 Gaude,
1851 2995 2035 3079 cujus
2081 2998 2165 3062 eb
2212 2995 2543 3061 dulcorem

1550 3116 1666 3163 cor
1710 3098 2006 3179 liquescit
2049 3119 2171 3184 per
2216 3116 2533 3181 amorem,

1548 3201 1703 3266 hinc
1746 3201 2015 3265 affectus
2055 3202 2140 3266 ad
2187 3202 2537 3267 candorem

1547 3325 1731 3370 mens
1777 3305 2079 3371 discurrit
2124 3314 2272 3390 post
2318 3306 2585 3372 odorem

1634 3418 1847 3494 tuum,
1891 3429 2174 3474 vernans
2218 3411 2432 3475 lilium.
2662 3413 2786 3476 105

1544 3624 1772 3691 Gaude
1801 3626 2097 3711 thronus,
2137 3647 2327 3709 quem
2355 3627 2504 3694 dum
2532 3631 2785 3715 stravit,

1543 3734 1707 3798 ebur
1750 3732 2034 3798 candens
2080 3732 2453 3818 adaptavit,

1541 3850 1702 3899 auro
1747 3834 1928 3898 fulve
1973 3835 2312 3901 decoravit

1542 3936 1732 4020 deus,
1775 3939 1841 4003 in
1886 3956 2016 4021 quo
2062 3940 2413 4005 collocavit

1626 4061 1853 4124 regem
1896 4060 2078 4107 suum
2121 4041 2340 4108 filium.
2658 4044 2785 4108 110

1541 4276 1768 4342 Gaude
1811 4278 2092 4361 lampas,
2140 4296 2331 4361 quam
2376 4277 2698 4342 exstruxit

1541 4380 1703 4446 deus
1740 4383 1911 4462 orbi,
1958 4399 2103 4464 quae
2149 4381 2297 4445 dum
2341 4381 2535 4461 luxit,

1537 4505 1714 4553 nova
1756 4489 1943 4552 nobis
1986 4496 2139 4554 tunc
2181 4489 2422 4572 illuxit,

1540 4611 1687 4677 quae
1731 4593 1817 4658 ad
1860 4593 2067 4659 lucem
2111 4611 2233 4659 nos
2277 4594 2534 4661 reduxit

1622 4697 1738 4764 lux
1782 4697 2336 4782 inexstinguibilis.
2658 4701 2783 4763 115
