3167 5242
612 485 819 540 Lumen
848 496 1061 538 nevum
1092 480 1349 536 exoritu
1974 475 2117 533 Gaeli
2154 476 2426 532 caelorum
2458 476 2729 533 laetantur

613 573 673 625 et
706 568 775 623 de
813 572 971 623 terra
1003 564 1373 637 progreditur
1972 566 2031 618 et
2063 561 2319 618 homines
2355 563 2736 634 gratulantur,

614 655 774 711 velut
806 655 942 710 luna
976 652 1173 710 Maria.
1974 649 2142 723 virgo
2183 656 2245 707 tu
2282 650 2593 706 benedicta.

655 973 996 1050 342.*1)e
1048 972 1587 1071 praesentatione
1636 968 1705 1042 b.
1746 969 2023 1064 Mariae,
2075 967 2169 1041 ad
2216 993 2409 1067 vesp.
2451 969 2773 1070 hymnum

403 1209 461 1278 0
505 1209 612 1275 dei
657 1208 1011 1294 sapientia,
1758 1206 1870 1271 ubi
1911 1205 2075 1270 mira
2117 1203 2460 1271 dulcedine

490 1312 820 1395 attingens
864 1318 1100 1377 cuncta
1138 1309 1423 1392 fortiter,
1847 1308 2347 1392 contemplando
2391 1306 2766 1393 perfruitur.
2942 1309 3028 1373 20

404 1416 666 1481 humani
707 1417 931 1500 lapsus
977 1416 1137 1481 vitia
2091 1492 2102 1504 ·

491 1518 850 1584 sublevasti
895 1520 1200 1585 suaviter.
1759 1497 2055 1565 orafifflfi
2100 1499 2322 1564 dedita

984 1664 997 1672 .
1849 1609 1916 1667 et
1961 1601 2197 1666 divinis
2242 1600 2570 1683 obsequiis

407 1704 754 1793 Sumpsisti
797 1707 1072 1773 formam
1115 1706 1410 1790 hominis,
1618 1709 1657 1770 5
1762 1724 1804 1771 a
1846 1703 2087 1770 mundo
2132 1722 2404 1788 prorsus
2443 1701 2666 1767 abdita

490 1811 557 1874 in
607 1829 735 1892 qua
777 1816 1049 1874 mortem
1093 1811 1482 1893 susciperes,
1850 1808 2108 1874 arcanis
2151 1814 2350 1874 vacat
2393 1806 2638 1873 studiis.

406 1930 493 1976 ex
540 1910 690 1975 alvo
734 1928 1012 1975 nascens
1054 1911 1329 1995 virginis
1347 1957 1366 1994 ,

493 2034 577 2078 ne
624 2031 898 2079 consors
944 2014 1155 2099 culpae
1199 2015 1414 2081 fieres.
1764 1993 1819 2062 0
1862 1994 2028 2061 mira
2071 1990 2504 2058 redundantia
2941 1993 3028 2058 ²5

1850 2099 2083 2182 gratiae
2130 2097 2286 2163 data
2325 2096 2597 2180 virgini,

405 2200 702 2270 Servans
744 2213 1015 2272 matrem
1061 2227 1101 2272 a
1143 2207 1367 2273 fomite
1763 2221 1893 2289 qua
1937 2209 2170 2268 cuncta
2214 2207 2362 2265 sunt
2405 2200 2774 2282 fragrantia

492 2307 660 2372 labis
678 2356 696 2391 ,
742 2308 894 2373 dum
939 2309 1092 2374 alvo
1139 2309 1485 2394 clauditur,
1577 2309 1659 2374 10
1852 2315 1920 2372 et
1962 2313 2157 2390 grata
2203 2321 2447 2371 summo
2490 2304 2755 2369 numini.

405 2409 732 2493 plenaque
779 2410 964 2475 donis
1008 2413 1228 2476 inclite

494 2517 569 2575 ut
611 2510 803 2575 stella
844 2511 1106 2595 fulgens
1152 2512 1375 2578 oritur.
1762 2498 1988 2583 Mens,
2033 2499 2288 2582 lingua,
2335 2515 2526 2581 ⁰81⁰,
2574 2497 2874 2583 spiritus,

1849 2621 2115 2686 sensus,
2162 2601 2469 2686 affectus,
2515 2603 2688 2668 actio
2939 2603 3031 2671 30

406 2696 674 2766 Amoris
720 2702 884 2767 dans
928 2700 1167 2769 indicia
1764 2706 2043 2771 electam
2086 2710 2450 2769 monstrant
2494 2703 2748 2768 coelitus

494 2811 678 2868 certa
721 2812 853 2869 tam
897 2805 1286 2889 efficaciter,
1852 2816 1921 2873 te
1966 2816 2238 2874 matrem
2282 2807 2391 2873 dei
2434 2806 2587 2873 filio.

398 2911 551 2970 tota
595 2914 819 2971 nostra
861 2908 1231 2992 praecordia
1579 2909 1662 2972 15

497 3008 584 3074 ad
628 3017 691 3074 te
740 3012 995 3077 traxisti
1038 3011 1329 3078 dulciter.
1769 2994 1997 3060 Gloria
2041 2995 2156 3061 tibi
2202 2995 2488 3077 domino,

1858 3099 1968 3183 qui
2009 3106 2200 3165 natus
2245 3119 2322 3164 es
2368 3100 2451 3164 de
2494 3098 2783 3182 virgine,

406 3196 684 3268 Aeterni
726 3203 932 3287 patris
985 3202 1211 3269 ordine
1765 3203 1940 3269 idem
1983 3222 2252 3267 manens
2295 3202 2364 3267 in
2405 3203 2663 3268 numine
2941 3204 3028 3268 35

489 3307 558 3371 in
602 3310 846 3392 templo
892 3311 1082 3392 virgo
1130 3308 1450 3395 conditur,
1852 3307 2028 3391 patri
2072 3325 2219 3372 cum
2263 3316 2491 3373 sancto
2537 3306 2810 3373 flamine.

586 3491 681 3548 110.
717 3508 788 3547 zu
822 3491 878 3547 S.
915 3491 1060 3547 Paul
1091 3492 1151 3546 in
1189 3493 1444 3547 Karnteu
1478 3491 1586 3548 No.
1622 3492 1709 3545 57.
1748 3492 1816 3544 15
1851 3490 2048 3546 Jahrh.
2086 3490 2188 3547 mit
2223 3490 2325 3547 der
2357 3489 2601 3548 lllelodie
2639 3491 2773 3562 (A).
2819 3491 2921 3548 Hs.
2956 3507 3034 3549 n

407 3577 696 3650 Bamberg
750 3577 848 3635 Ed.
883 3578 985 3633 vn
1001 3617 1016 3646 ‚
1052 3580 1136 3633 35.
1184 3580 1254 3633 15
1299 3578 1498 3635 Jahrb.
1550 3579 1675 3651 (Β).
1763 3578 1960 3635 Hierin
2008 3576 2087 3633 ist
2133 3579 2238 3634 das
2283 3578 2422 3635 Lied
2474 3594 2589 3635 von
2643 3579 2744 3636 der
2797 3579 3032 3637 vien-ten

406 3664 660 3735 strophe
694 3681 769 3720 an
804 3664 901 3720 fiir
938 3665 1028 3720 die
1068 3666 1328 3737 complet
1360 3666 1617 3739 getheilt.
1691 3667 1790 3723 Hs.
1838 3683 1911 3721 zu
1946 3666 2232 3740 Bamberg
2277 3667 2377 3724 Ed.
2415 3666 2543 3735 Vll,
2579 3667 2667 3722 36.
2723 3669 2792 3722 15
2826 3667 3032 3725 Jahn.

410 3754 553 3826 (Ο),
589 3754 703 3809 wie
738 3753 798 3808 in
833 3755 879 3810 B
917 3755 1245 3826 abgetheilt.
1316 3756 1422 3814 Bei
1454 3756 1617 3814 Bebel
1647 3754 1686 3812 f.
1722 3758 1793 3811 23
1840 3754 1967 3826 (D).
2036 3754 2241 3811 Daniel
2276 3758 2327 3825 1,
2360 3755 2465 3809 299
2499 3753 2603 3811 hat
2636 3753 2744 3811 den
2775 3754 3033 3831 Aura-0

592 3879 628 3933 4
672 3874 917 3934 feliciter
966 3878 1025 3935 C.
1130 3880 1167 3934 9
1214 3880 1445 3954 replens
1499 3895 1569 3936 m.
1618 3879 1927 3934 dulcedinis
1986 3879 2111 3950 BD,
2173 3878 2384 3935 tollens
2419 3894 2457 3934 a
2490 3881 2671 3934 matre
2710 3876 2931 3935 fomitis
2969 3881 3034 3939 ὓ.

409 3966 482 4020 10
519 3965 670 4025 dono
708 3966 759 4021 d.
798 3966 922 4036 BD,
985 3965 1172 4022 labem
1207 3966 1258 4022 d.
1293 3968 1354 4025 G.
1447 3969 1513 4021 11
1564 3967 1650 4023 sic
1695 3966 1867 4039 plena
1913 3967 2067 4023 bono
2118 3967 2328 4023 inclitis
2376 3966 2501 4037 BD,
2562 3962 2630 4023 fit
2672 3983 2725 4038 p.
2778 3966 2931 4023 divis
2969 3967 3034 4027 G.

408 4051 479 4107 14
504 4053 631 4124 jam
666 4050 726 4108 C.
823 4053 894 4109 18
929 4054 1255 4110 conceditur
1288 4056 1353 4112 D.
1450 4056 1520 4108 19
1553 4054 1708 4109 intra
1742 4053 1885 4109 dulc.
1924 4055 1985 4113 G.
2080 4056 2152 4109 26
2188 4055 2393 4127 gratiae
2431 4056 2583 4110 datae
2620 4054 2696 4125 B,
2734 4059 2795 4109 et
2831 4069 2923 4129 gr.
2958 4056 3029 4128 D,

407 4139 603 4214 gratia
635 4140 800 4199 Acn.
872 4143 946 4197 27
982 4156 1108 4212 quoe
1144 4142 1306 4199 Aci).
1377 4141 1448 4196 ³1
1483 4144 1763 4197 monstrat
1796 4140 1957 4198 Aoo.
2028 4143 2099 4198 32
2134 4142 2193 4197 in
2227 4147 2356 4199 mat.
2392 4141 2555 4200 ABG.

582 4263 650 4320 V.
687 4266 736 4323 1.
762 4247 822 4321 '2
860 4281 962 4321 aus
991 4263 1243 4336 Sapient.
1279 4264 1332 4334 8,
1360 4265 1412 4318 1.

582 4352 648 4406 V.
686 4354 877 4407 5-12,
924 4350 1184 4408 Christus
1219 4351 1297 4407 ist
1328 4365 1447 4407 ven
1481 4347 1693 4405 seiuem
1727 4349 2115 4406 himmliechen
2140 4346 2322 4407 vater
2355 4350 2473 4407 als
2503 4348 2681 4408 Gott
2713 4354 3036 4424 erzeugt

404 4438 519 4495 und
551 4455 668 4495 von
703 4439 827 4495 dem
861 4440 916 4493 h.
952 4439 1111 4496 Geist
1144 4438 1257 4495 als
1292 4432 2079 4511 Menech‘empfangen,
2134 4437 2334 4495 darum
2367 4453 2498 4493 war
2541 4452 2611 4494 er
2646 4437 2797 4494 ohne
2829 4437 3034 4494 Siindc

405 4526 518 4580 und
562 4525 774 4583 konnte
829 4527 919 4583 die
971 4527 1322 4585 Menschheit
1370 4542 1489 4584 von
1541 4526 1646 4583 der
1693 4526 1886 4582 Siinde
1935 4526 2177 4584 erlosen.
2247 4527 2309 4585 S.
2343 4527 2609 4583 Ber-nard.
2656 4526 2717 4580 ia
2749 4524 2871 4597 vig.
2911 4529 3034 4582 nat.

405 4628 570 4668 serm.
604 4614 657 4682 4,
695 4616 745 4669 5.
781 4620 965 4671 mater
1001 4620 1092 4672 est
1126 4616 1249 4671 sine
1286 4613 1655 4686 corruptione
1682 4613 2051 4686 virginitatis,
2088 4612 2240 4671 filius
2277 4614 2400 4670 sine
2435 4613 2589 4670 omni
2622 4613 2754 4669 labe
2788 4613 3033 4684 peccati.

404 4714 522 4756 non
557 4699 711 4759 cadit
746 4701 807 4758 in
839 4707 1077 4760 matrem
1111 4703 1249 4766 Evae
1295 4702 1626 4761 maledictio
1639 4739 1656 4774 ,
1716 4716 1833 4760 non
1869 4700 2024 4760 cadit
2066 4701 2126 4759 in
2171 4702 2393 4778 prolem
2424 4699 2712 4776 generalis
2745 4700 2854 4758 illa
2881 4714 3034 4759 con-
