3167 5242
2656 272 2788 341 1⁷3

193 468 431 553 Gaude,
477 468 637 535 deus
679 476 749 534 te
792 466 1084 534 colentes
1533 460 1803 528 trmitati
1820 509 1839 545 ,
1883 459 2206 528 trabeatis

189 572 293 640 hic
334 581 403 639 et
442 573 511 640 in
555 574 773 639 futuro
816 577 1066 635 mentes
1533 563 1718 630 claro
1762 563 1977 631 carnis
2019 562 2244 649 pallio.

190 675 382 760 digno
429 675 592 743 ditat
632 673 926 760 Praemio'
1352 670 1434 734 1⁵
1539 727 1769 796 Gaude
1814 748 2073 814 semper
2115 727 2430 812 gavisura
2452 775 2473 812 ‚

1536 834 1640 899 his
1683 833 1751 899 in
1795 833 1979 899 coelis
2022 831 2296 898 fruitura
2701 831 2787 898 20

187 933 415 1001 Gaude
429 982 447 1016 ,
486 953 633 1018 quae
679 933 1156 1020 approximatis
1536 939 1708 1003 omni
1750 935 1984 1023 procul
2025 935 2316 1002 termino.

351 1115 491 1176 Ans*
510 1118 805 1175 derselben
838 1119 935 1176 Hs.

366 1243 406 1298 6
440 1242 752 1314 illustrans,
784 1242 884 1299 Hs.
955 1241 991 1297 ’1
1024 1243 1122 1313 tui,
1158 1241 1255 1300 Hs.
1326 1243 1397 1299 16
1432 1243 1603 1315 dicat,
1636 1244 1734 1301 ns.

575 1641 750 1718 462.
808 1639 1089 1716 Gaudia
1136 1654 1417 1718 terrena
1467 1655 1537 1720 et
1587 1633 1845 1718 aeterna
1890 1643 1961 1717 h.
2011 1645 2261 1717 Mariae
2313 1670 2380 1718 v.

178 1877 411 1946 Gaude
454 1879 676 1964 virgo,
722 1897 966 1964 sponsa
1009 1878 1282 1965 Christi,
1532 1880 1674 1948 Sed
1715 1882 1966 1967 majora
2008 1890 2158 1948 sunt
2200 1889 2447 1950 aeterna
2466 1929 2486 1967 ,
2698 1885 2784 1949 25

174 1984 465 2049 salutata
508 1983 865 2067 concepisti
1534 1986 1764 2069 quibus
1807 1984 2000 2051 laude
2042 1988 2437 2070 sempiterna

262 2085 604 2151 nuntiante
648 2086 1064 2170 archangelo.
1620 2085 1978 2171 perfrueris
2021 2086 2406 2153 medullitus,

175 2248 414 2317 Gaude
456 2250 690 2334 regina
735 2250 1005 2336 dilecta,
1535 2243 1794 2329 Gaude,
1839 2244 1998 2310 felix
2040 2245 2158 2312 tibi
2201 2244 2406 2329 cedit,

173 2352 285 2419 dei
326 2358 541 2416 mater
587 2371 661 2417 es
706 2352 945 2418 effecta
1389 2354 1430 2417 5
1533 2356 1649 2416 tua
1691 2350 1907 2432 gloria
1942 2349 2262 2434 praecedit

257 2452 585 2540 pariendo
628 2454 697 2518 in
738 2454 1086 2539 praesepio.
1618 2454 1833 2520 lumen
1876 2461 2246 2522 sanctorum
2288 2453 2582 2522 omnium.
2698 2455 2784 2523 30

176 2615 409 2685 Gaude
423 2665 444 2702 ‚
489 2637 636 2682 nam
681 2616 1121 2685 triumviratus
1536 2615 1828 2702 Gaudes,
1871 2638 2021 2682 nam
2065 2616 2460 2687 clarificatur
2493 2675 2500 2681 .

170 2726 321 2788 tuus
367 2728 601 2805 partus
647 2720 954 2787 adoratus
1532 2742 1660 2807 per
1699 2728 1767 2787 te
1812 2728 1879 2786 et
1919 2721 2311 2789 illuminatur

259 2833 366 2891 est
411 2826 585 2890 trino
628 2825 845 2891 fausta
885 2827 1092 2909 regio.
1620 2827 1778 2890 urbs
1816 2827 2012 2892 beata
2055 2826 2429 2893 coelestium.

173 2982 438 3070 Gaude,
487 2988 640 3070 quia
684 2986 878 3052 homo
914 2995 1107 3052 natus
1349 2989 1431 3054 10
1538 2984 1799 3054 Gaudes
1811 3035 1830 3071 ,
1867 2987 2009 3073 jam
2051 2995 2119 3053 te
2159 2998 2545 3076 veneratur,

168 3097 237 3155 et
276 3109 406 3175 pro
454 3090 646 3156 nobis
690 3098 961 3156 mortem
1006 3108 1241 3175 passus
1534 3091 1651 3157 tibi
1693 3109 1935 3173 parens
1980 3093 2362 3159 obsecratur
2690 3094 2774 3160 35

251 3193 547 3259 surrexit
592 3192 698 3257 die
744 3194 959 3259 tertio.
1617 3193 2024 3278 regnantium
2063 3192 2305 3256 militia.

169 3359 401 3427 Gaude
415 3407 435 3443 ,
485 3357 637 3424 dum
679 3357 914 3425 coelum
959 3357 1284 3444 ascendit,
1532 3355 1823 3441 Gaudes,
1869 3365 1935 3423 te
1978 3325 2234 3423 =felicem
2278 3355 2456 3424 audit

164 3483 366 3551 super
411 3463 670 3530 aethera
712 3463 1090 3530 conscendit
1531 3468 1679 3529 tuas
1721 3480 1956 3547 preces
2002 3480 2082 3528 ac
2124 3460 2389 3528 exaudit

248 3569 319 3636 in
359 3566 701 3654 supernali
734 3567 918 3634 solio.
1342 3566 1425 3630 15
1616 3565 1916 3631 divinalis
1961 3564 2316 3631 clementia.

167 3730 396 3800 Gaude
444 3731 594 3816 pia,
639 3730 791 3813 quia
832 3732 1065 3796 missus
1530 3727 1793 3796 Gaudes
1835 3729 2046 3811 virgo,
2088 3725 2149 3791 si
2188 3734 2484 3813 petatur,
2686 3729 2775 3794 40

159 3836 528 3921 paraclitus
571 3831 883 3897 indivisus
1527 3852 1652 3918 per
1695 3840 1762 3897 te
1806 3849 1993 3899 omne
2036 3832 2423 3917 impetratur

246 3947 351 4005 est
395 3959 441 4005 a
484 3943 681 4023 patre
725 3943 792 4001 et
833 3934 987 4002 filio.
1616 3943 1684 4002 et
1725 3951 1851 4020 pro
1895 3941 2009 4000 tua
2051 3933 2294 4002 famha'
2234 3936 2248 3949 “
2297 3983 2312 3999 .

163 4100 393 4171 Gaude
442 4109 658 4167 mater
671 4149 690 4185 ,
736 4118 885 4183 quae
930 4101 1237 4170 defuncta
1529 4097 1792 4166 Gaudes
1806 4149 1825 4186 ,
1862 4100 2014 4185 quia
2054 4098 2348 4165 meruisti

158 4206 227 4273 in
267 4208 492 4292 regali
540 4225 613 4270 es
658 4212 989 4290 assumpta
1334 4209 1422 4275 20
1523 4205 1866 4291 possidere
1911 4206 2133 4272 sedem
2175 4203 2419 4272 Christi

244 4313 410 4379 sede
423 4361 444 4398 ‚
493 4309 650 4378 data
692 4331 736 4378 a
780 4310 1055 4378 domino.
1209 4353 1213 4358 -
1614 4310 1884 4377 trinitati
1927 4312 2253 4396 contigua.
2693 4310 2780 4376 45

162 4478 419 4548 Gaudia
464 4480 595 4544 ista
641 4486 902 4547 terrena
1529 4473 1822 4558 Gaudes,
1866 4491 2190 4558 nunquam
2233 4477 2638 4540 evanescunt

159 4584 380 4652 dulcia
428 4590 586 4649 sunt
626 4590 694 4650 et
728 4602 1013 4665 amoena,
1527 4575 1799 4662 gaudia,
1845 4576 1965 4642 sed
2010 4576 2155 4642 haec
2199 4575 2552 4643 florescunt

238 4688 364 4755 tibi
412 4703 740 4754 concessa
783 4686 1034 4754 coelitus
1046 4704 1073 4770 3
1611 4701 1737 4768 per
1775 4679 2028 4750 infinita
2069 4681 2330 4751 saecula.
