3167 5242
87 465 356 534 Salve
400 467 591 538 dem
634 469 787 536 alvo
832 486 1072 553 gerens
1087 516 1105 551 ,
1199 487 1206 492 ·

93 572 254 657 qui
302 571 650 638 humanum
692 592 906 657 genus
949 590 1230 660 moerens

213 692 361 756 per
404 682 471 739 te
520 674 646 740 hoc
687 673 1014 741 laetificat:

97 794 156 842 ο
221 795 432 860 qnam
481 777 777 860 gaudens
821 778 1146 861 cecinisti,

94 880 305 946 alvo
352 901 625 965 parvum
671 902 816 949 cum
858 881 1119 948 sensisti

220 984 563 1049 canticum
603 982 997 1067 magnificat.

97 1197 355 1264 Salve
399 1204 592 1281 partu
636 1197 979 1280 singularis
1000 1244 1018 1280 ‚

98 1301 340 1383 virgo
385 1317 681 1381 manens,
727 1299 919 1381 virgo
963 1300 1182 1385 paris,

213 1403 561 1487 virginum
603 1404 963 1489 purissima.

108 1531 265 1578 ave
320 1509 571 1575 vultum
612 1509 774 1572 tanti
817 1508 997 1590 regis

97 1612 407 1690 videns,
453 1610 597 1695 ejus
642 1610 875 1695 pannis
911 1610 1080 1694 tegis

208 1709 526 1784 membra
568 1716 1018 1781 sincerissima.

105 1934 353 2001 Salve
399 1940 644 1998 tantam
689 1949 930 2015 gerens
973 1931 1244 2016 prolem,

102 2038 425 2102 fructum
470 2035 658 2116 vitae,
705 2034 958 2117 lapsum
998 2032 1205 2098 solem

214 2135 594 2202 tenebratis
638 2134 1009 2218 proferens,

110 2243 467 2312 visionem
510 2239 903 2325 pastoralem
930 2286 949 2317 ,

113 2343 405 2413 stellam
450 2342 749 2425 viamque
795 2341 1090 2425 regalem

216 2444 439 2526 corde
482 2463 648 2532 puro
693 2445 1050 2530 perferens.

123 2664 350 2733 Salve
400 2661 554 2745 lege
597 2662 830 2726 volens
875 2661 1020 2745 regi
1033 2708 1053 2745 ,

118 2786 262 2836 non
313 2766 592 2831 astricta
636 2771 850 2828 tamen
892 2763 1030 2845 legi

216 2865 600 2957 purgandae
642 2887 1029 2952 puerperae3

125 2994 289 3042 nam
329 2973 656 3056 impurum
698 2970 789 3034 nil
832 2971 1121 3056 sensisti,

129 3091 263 3144 nec
312 3073 402 3139 de
425 3074 598 3147 ,viro
642 3074 1029 3158 concepisti,

221 3177 352 3246 sed
397 3177 488 3243 de
535 3176 642 3242 dei
685 3196 972 3244 munere.

133 3414 343 3481 Salve
394 3410 643 3495 templo
687 3408 948 3493 figurali

138 3516 337 3581 finem
382 3513 590 3581 cultui
633 3511 834 3596 legali

229 3620 452 3684 ferens
498 3624 678 3682 tuum
723 3616 951 3700 filium,

135 3721 516 3789 Simeonem
561 3720 994 3803 gratulantem

144 3836 337 3912 atque
383 3828 502 3892 tibi
543 3825 1028 3908 comminantem

232 3949 369 3995 suae
415 3927 643 3994 mortis
688 3926 994 4010 gladium.

151 4160 351 4229 Salve
394 4165 596 4229 tutrix
639 4162 942 4229 Nazaraei
955 4212 975 4247 ‚

160 4267 266 4347 qui
308 4274 410 4332 est
443 4275 629 4333 tutor
672 4268 879 4333 omnis
923 4268 1051 4352 rei,

209 4377 216 4384 “
248 4383 501 4436 secessu
548 4372 612 4436 in
653 4369 972 4458 Aegypto

166 4469 258 4533 tui
301 4489 453 4538 cura
494 4484 560 4541 et
603 4477 889 4543 custodis

168 4569 471 4641 frustrans
517 4580 714 4648 furias
756 4579 1036 4649 Herodis

241 4674 495 4760 fugiens
538 4702 681 4751 cum
725 4685 880 4752 filio.

1317 673 1400 736 45

1315 1301 1399 1365 50

1315 2444 1400 2509 60

1314 3077 1400 3140 65

1315 3721 1399 3787 70

1311 4374 1398 4440 ’15

1510 465 1714 533 Salve
1726 467 1737 498 -’
1758 467 2096 550 gratulans
2136 466 2445 532 infantem

1508 591 1595 635 ex
1638 568 1957 655 Aegypto
2001 578 2394 636 remeantem
2448 556 2457 564 ’

1597 673 1888 739 Galilaeae
1934 675 2219 755 civibus;
2377 669 2384 678 ’

1506 776 1604 842 sic
1646 783 1835 839 extra
1878 793 2144 861 manens
2185 776 2485 846 Judaeam

1506 881 1770 946 tandem
1809 880 2088 945 visitasti
2131 900 2277 946 eam

1507 1039 1517 1050 .
1590 983 1862 1047 veniens
1907 983 2003 1045 ex'
2034 967 2378 1064 gentibus.

1504 1196 1706 1265 Salve
1723 1248 1741 1282 ,
1786 1181 2010 1278 Jesum
2056 1217 2201 1281 quae
2246 1198 2554 1268 latentem

1505 1304 1810 1388 recepisti
1853 1303 2279 1368 disserentem

1592 1407 1783 1472 tridui
1826 1411 1979 1491 post
2023 1405 2331 1489 reditum,

1507 1512 1662 1577 laeta
1706 1519 1924 1577 natum
1968 1509 2321 1592 reduxisti.
2358 1531 2362 1536 ·

1505 1614 1800 1701 gaudens
1844 1623 2056 1680 tecum
2101 1613 2362 1678 tenuisti

1591 1739 1815 1803 regem
1862 1738 2090 1802 regum
2133 1716 2477 1796 subditum.
2667 1716 2749 1781 9⁰

1506 1935 1710 2003 Salve
1755 1957 2031 2003 cernens
2077 1944 2527 2003 coruscantem

1506 2043 1685 2108 miris
1727 2042 1915 2107 factis
1962 2048 2028 2105 et
2071 2047 2531 2106 monstrantem

1590 2138 1853 2208 deitatis
1897 2142 2171 2226 gloriam
2191 2189 2209 2224 ,

1506 2246 1844 2333 operando
1888 2252 2278 2331 potestatem
2292 2293 2309 2327 ,

1506 2351 1930 2439 praedicando
1972 2351 2315 2416 veritatem
2610 2423 2613 2426 ,
2669 2348 2752 2413 95

1594 2458 1750 2523 vitae
1794 2455 2294 2523 sanctimoniam.

1505 2669 1711 2742 Salve
1753 2672 1990 2766 grandi
2033 2691 2177 2739 cum
2222 2669 2454 2738 dolore
2582 2725 2586 2732 .

1504 2772 1749 2864 Jesum·
1775 2777 2096 2843 madidum
2143 2772 2389 2843 cruore'

1515 2900 1522 2910 ·
1593 2898 1867 2947 cernens
1912 2881 1978 2944 in
2021 2878 2347 2963 patibulo,
2383 2901 2389 2906 ’

1504 2983 1625 3048 sed
1669 2983 1875 3070 minus
1906 2979 2211 3064 doluisti,

1504 3085 1680 3170 quod
1723 3094 1878 3152 tunc
1918 3084 2056 3168 pati
2101 3081 2434 3149 credidisti

1593 3204 1713 3272 pro
1760 3186 2075 3251 salvando
2121 3185 2383 3250 saeculo.

2625 2978 2751 3045 100

1503 3417 1707 3488 Salve
1752 3419 1979 3484 salutis
2024 3420 2316 3503 alumna,
2455 3422 2463 3494 ζ

1504 3523 1631 3612 ave
1675 3524 1831 3600 fidei
1876 3525 2204 3608 columna,

1583 3631 1654 3695 -in
1699 3650 1827 3713 qua
1871 3628 2037 3694 fides
2080 3627 2328 3712 floruit,
2709 3631 2752 3695 5

1503 3732 1763 3817 quando
1818 3748 2130 3816 percusso
2174 3740 2441 3816 pastore

1503 3856 1673 3921 grex
1715 3834 2050 3920 dispersus
2092 3855 2234 3922 prae
2279 3837 2509 3902 timore

1589 3940 1738 4006 dum
1783 3943 1848 4006 in
1892 3939 2024 4006 fide
2071 3941 2331 4007 corruit.

1501 4167 1704 4236 Salve
1748 4169 1973 4235 Jesum
2016 4169 2517 4253 triumphantem
2547 4207 2551 4211 ·

1503 4279 1570 4338 et
1613 4272 1932 4337 infernum
1976 4272 2358 4357 spoliantem
2666 4271 2749 4339 1⁰

1591 4392 2001 4458 cognoscens
2047 4394 2191 4441 cum
2233 4374 2475 4459 gaudio
2491 4422 2512 4460 ‚

1503 4485 1572 4544 et
1616 4484 1765 4562 post
1807 4483 2079 4542 mortem
2121 4479 2277 4543 vitae
2321 4477 2540 4545 datum

1504 4589 1702 4664 atque
1747 4580 1922 4644 mire.
1951 4579 2356 4665 suscitatum,
2462 4651 2469 4656 ,

1594 4684 1889 4771 gaudens
1934 4687 2053 4754 tali
2092 4685 2244 4756 fluo.
