3167 5242
6 495 50 1094 “and-nrt*

1037 671 1213 748 603.
1282 670 1453 747 Alia
1495 669 1585 745 de
1635 669 1900 745 eadem.

171 870 379 939 Salve
422 873 644 959 virge,
689 883 897 942 mater
942 876 1082 962 dei,

169 977 359 1043 salve
402 980 604 1046 robur
650 987 895 1046 nostrae
938 981 1117 1066 spei,

175 1095 184 1100 ·
261 1082 626 1168 exemplum
670 1082 1029 1150 humilium!

175 1183 264 1250 ad
305 1192 374 1251 te
415 1186 514 1252 rei
556 1188 950 1272 suspiramus
967 1236 987 1272 ,

159 1286 335 1373 juva
375 1307 495 1355 nos
508 1338 527 1373 ,
568 1312 654 1356 ne
696 1310 1042 1376 pereamus

173 1577 276 1645 Tu
318 1598 475 1646 rosa
508 1580 994 1664 fecundissima,

364 1758 482 1816 Ans
517 1756 814 1814 derselben
849 1758 946 1815 Hs.
979 1753 1022 1814 f.
1051 1756 1104 1814 8.

1528 874 1905 963 purissima,

1527 997 1678 1061 quae
1721 978 1933 1044 virum
1975 978 2317 1045 nesciebas
2330 1029 2349 1064 ,

1527 1088 1598 1145 et
1640 1080 1838 1147 uastis
1884 1098 2028 1147 oum
2070 1081 2432 1151 visceribus
2443 1129 2466 1169 ,

1525 1184 1838 1251 uberibus
1855 1234 1875 1269 ,
2424 1187 2431 1196 ‘

1527 1288 1718 1355 nobis
1763 1288 1957 1356 deum
1998 1290 2338 1376 gignebas.

1526 1477 1659 1566 Eja
1701 1497 1866 1564 ergo
1914 1499 2036 1546 nos
2084 1481 2254 1546 satia

1531 1580 1616 1647 de
1658 1588 1771 1649 tua
1815 1579 1990 1649 dulei
2033 1582 2278 1665 gratia!

352 1882 423 1939 V.
458 1885 506 1939 5.
561 1883 750 1940 Daber
783 1883 964 1940 heisst
994 1884 1083 1940 sie
1114 1873 1547 1955 ἆαηνυσμὸοι
1579 1879 1994 1959 ἐπανόρθωσις.
2042 1884 2187 1957 Aug.
2220 1884 2273 1941 4.

820 2167 995 2245 604.
1058 2169 1176 2242 De
1223 2164 1552 2242 laudibus
1604 2164 1679 2240 b.
1726 2191 1794 2239 v.
1837 2166 2107 2239 Mariae.

163 2369 567 2456 ‘imperatrix
611 2372 986 2455 reginarum

177 2483 251 2541 et
292 2476 609 2542 salvatrix
655 2476 1039 2561 animarum,

165 2559 472 2665 ‘pretiosa
512 2577 901 2664 margarita,

174 2702 337 2758 ,rosa
379 2682 535 2767 gelu
575 2702 706 2749 non
749 2684 988 2751 attrita.

177 2869 331 2941 Lux
373 2872 648 2957 solaris,
696 2870 877 2937 clara
921 2871 1141 2956 stella,

177 2977 485 3063 specialis
529 2974 639 3040 dei
681 2975 881 3058 uella,

163 3081 474 3170 paradisi
511 3088 745 3168 patens
781 3086 1007 3166 porta,

163 3204 306 3271 ⁴per
349 3203 540 3268 quam
582 3183 762 3248 salus
806 3182 924 3248 fuit
968 3188 1130 3248 orta.

182 3373 573 3458 Benedicta,
616 3375 940 3459 gloriosa,

182 3497 385 3562 super
427 3494 649 3542 omnes
694 3478 995 3562 speciosa
1011 3524 1029 3560 ,

178 3580 376 3662 virga
411 3578 607 3645 Jesse
652 3597 1008 3664 generosa,

177 3683 449 3771 pulcra,
504 3683 714 3748 nitens
759 3689 828 3746 et
867 3682 1203 3750 frondosa.

176 3871 322 3939 Vas
366 3872 643 3937 electum
686 3871 1034 3954 creatoris,

175 3974 500 4043 medicina
542 3978 908 4060 peccatoris
922 4024 942 4060 ‚

179 4098 387 4163 super
429 4079 666 4145 choros
709 4080 1092 4163 angelorum

181 4182 475 4248 exaltata
490 4229 511 4265 ,
554 4200 708 4267 spes
749 4183 1100 4268 lapsorum.

177 4368 412 4456 Lepta
451 4374 684 4438 tabens
723 4380 1170 4458 peecatorum,

179 4475 278 4542 ad
319 4484 388 4543 te
433 4478 673 4561 clamo,
718 4477 865 4544 fons
910 4478 1273 4563 hortorum,

177 4580 258 4647 in
301 4588 593 4656 extremo
632 4582 789 4648 vitm
832 4599 1045 4667 pergo
1058 4630 1080 4667 ,

181 4701 298 4750 ne
339 4692 562 4771 tuere,
601 4684 714 4771 pia
753 4686 966 4770 virgo.

1385 2872 1428 2944 5

1348 3476 1429 3543 10

1345 4084 1428 4148 15

1527 2369 1698 2438 Vitis
1741 2387 1933 2436 saera
1945 2416 1966 2453 ,
2012 2367 2221 2435 dulcis
2265 2386 2398 2437 uva
2405 2415 2428 2455 ‚

1525 2473 1726 2540 fidem
1768 2465 2037 2538 sitientis
2066 2472 2270 2558 juva,

1529 2598 1621 2644 ex
1660 2578 1859 2645 olivae
1898 2583 2030 2642 tuae
2072 2593 2255 2643 ramo

1527 2687 1711 2756 mitte
1753 2693 2042 2773 δαείω.
2067 2704 2261 2771 quam
2302 2683 2611 2764 reclamo.

1528 2872 1608 2942 In
1650 2874 1903 2941 camino
1944 2875 2250 2942 vitiorum

1529 2977 1815 3043 stabilivi
1856 2977 2010 3042 mihi
2053 2978 2341 3061 thorum,

1530 3099 1619 3146 ex
1661 3079 1943 3146 mamilla
1983 3080 2249 3164 pietatis

1529 3182 1730 3249 funde
1771 3201 1987 3250 rorem
2032 3183 2348 3250 eastitatis
2362 3230 2384 3267 ,

1532 3373 1738 3462 Cujus
1780 3392 2036 3441 sacrum
2075 3394 2201 3460 per
2243 3374 2562 3459 liquorem

1530 3481 1601 3545 ni
1644 3479 1989 3563 extinguas
2031 3477 2205 3545 huno
2247 3479 2573 3563 ardorem,

1532 3590 1647 3651 aut
1687 3602 1811 3667 per
1853 3582 2209 3668 spiritalem
2243 3582 2459 3650 facem

1532 3703 1808 3771 prorsus
1851 3704 2007 3754 uras
2050 3684 2225 3752 hano
2263 3684 2598 3766 formem
2612 3705 2637 3754 z

1534 3875 1783 3959 Magna
1825 3872 2079 3941 flamma
2113 3873 2257 3959 jam
2298 3872 2615 3959 sarmit,

1534 3978 1771 4044 multus
1814 3975 1966 4042 inde
2010 3975 2220 4043 fumus
2262 3977 2400 4042 exit
2414 4024 2436 4061 ,

1532 4083 1627 4147 ita
1670 4080 1826 4146 fumi
1867 4081 2063 4146 foetor
2102 4080 2273 4163 olet,

1533 4185 1808 4272 sulphur
1853 4192 1925 4252 ut
1967 4184 2149 4251 olere
2191 4183 2378 4250 solet.

1534 4376 1834 4445 Inimicus
1879 4378 1965 4443 ob
2008 4381 2261 4440 reatum

1538 4482 1735 4550 talem
1779 4479 1961 4545 dedit
2001 4479 2369 4561 odoratum,

1543 4585 1664 4651 sed
1705 4593 1778 4651 tu
1819 4585 1929 4669 pia
1943 4631 1961 4667 ‚
2006 4589 2076 4649 tu
2119 4581 2351 4666 regina
2366 4627 2386 4664 ‚

1353 4690 1442 4756 20
1543 4689 1656 4757 fao
1696 4695 1770 4756 ut
1810 4684 2008 4756 eadat
2048 4684 2196 4753 haee
2235 4683 2489 4772 pruina.

2690 1081 2783 1151 10

2694 2875 2784 2942 25

2692 3476 2780 3548 30

2698 4079 2786 4146 36

2704 4680 2797 4748 :w
