3167 5242
2663 283 2794 352 180

187 491 439 560 ventris
481 487 761 574 portasti
808 484 1123 565 thalamo,
1543 483 1613 542 et
1654 475 1926 541 dilectus
1971 480 2117 540 tuus
2140 481 2402 557 tecum,

186 596 382 663 lactis
426 593 670 679 potasti
712 590 1021 658 balsamo.
1542 579 1654 662 qui
1697 587 1762 644 te
1806 577 2051 661 gaudet
2094 596 2241 643 ⁶8⁸0
2289 595 2510 643 flevum

1544 681 1782 747 amoris
1824 681 2171 766 privilegio
2185 729 2203 765 ,

189 783 451 868 Gaude,
497 803 643 867 quae
685 801 913 846 verum
957 779 1230 846 amicum
1245 826 1266 863 ,
1544 785 1716 851 sicut
1756 792 1965 850 mater
2008 791 2111 849 est
2154 802 2297 850 cum
2341 782 2494 849 filio.

186 890 435 956 fontem
478 887 715 953 amoris
759 886 1052 968 unicum,
1354 879 1439 945 20

186 988 621 1074 frequentasti
663 985 1065 1072 amplexibus
1081 1033 1102 1069 ,
1542 990 1771 1058 Gaude
1785 1038 1804 1075 ,
1850 1009 1996 1074 quae
2040 988 2182 1055 sola
2224 991 2431 1058 libere
2699 994 2784 1058 45

190 1112 482 1162 amorem
533 1090 996 1157 redolentibus.
1544 1092 1748 1160 debes
1789 1101 1856 1160 et
1896 1102 2088 1179 potes
2133 1092 2389 1160 dicere:

1547 1214 1716 1281 „ego
1761 1214 1902 1260 sum
1937 1196 2170 1280 regina

192 1283 457 1366 Gaude,
504 1302 653 1366 ‹1¹1ae
692 1282 804 1366 1³5⁰
849 1278 985 1345 55⁰
1546 1308 1616 1365 ct
1656 1305 1902 1384 praeter
1943 1319 2047 1365 me
2090 1317 2222 1365 non
2267 1307 2369 1365 est
2413 1299 2685 1367 domina.

186 1390 260 1457 in
302 1386 610 1471 virginali
651 1383 932 1469 gremio,

189 1492 450 1558 dulcem
492 1488 772 1572 infigens
817 1485 1069 1552 oculum
1083 1531 1103 1569 ‚
1356 1483 1441 1546 25
1544 1503 1696 1591 Ego
1740 1504 1979 1572 dilecto
2023 1507 2318 1591 proxima
2333 1555 2351 1590 ‚

187 1612 397 1660 QVO
442 1590 679 1658 ded-1⁸5
720 1589 1026 1656 mlum·
1547 1609 1735 1695 cujus
1780 1608 1866 1675 ad
1908 1628 2011 1673 me
2057 1611 2430 1696 conversio,
2708 1613 2792 1679 50
2882 1630 2886 1634 ·

1547 1732 1677 1798 ego
1720 1713 1843 1799 illi,
1883 1713 2041 1778 mihi
2080 1713 2223 1799 ille,

1543 1838 1710 1885 unus
1753 1819 1863 1883 uni
1904 1820 2075 1885 inter
2117 1820 2329 1905 mille,

1543 1921 1756 1989 beatis
1801 1938 1941 1986 sum
1983 1922 2268 2007 beatior,

186 1997 462 2074 sceptro
506 1995 575 2054 et
614 2006 809 2073 P0m⁰
854 2005 1054 2055 aureo
1544 2025 1864 2090 nobilibus
1907 2021 2243 2091 nobffior.“

184 2112 407 2182 parvo
448 2093 659 2160 lusisti
701 2092 855 2158 filio.
1356 2090 1443 2154 30

192 1781 429 1849 Gaude
442 1829 460 1865 ,
506 1799 652 1864 quae
695 1778 949 1845 mundis
992 1777 1284 1845 mam‘hus
1298 1825 1318 1861 ,

188 1886 411 1973 plenis
455 1904 751 1951 rosarum
791 1884 1059 1950 floribus
1072 1931 1092 1969 ‚

1548 2233 1604 2300 0
1647 2234 1965 2319 formosa,
2011 2235 2304 2318 quiesce,
2708 2234 2808 2298 55‘

1549 2344 1619 2403 et
1660 2345 1731 2403 ut
1773 2338 1874 2402 sol
1914 2337 1983 2403 in
2025 2358 2129 2404 me
2169 2339 2448 2420 nitesce,

1547 2442 1720 2508 intra
1761 2460 1972 2507 meum
2015 2439 2146 2505 vile
2191 2447 2428 2506 tectum
2444 2487 2463 2524 ,

1548 2546 1617 2612 in
1660 2563 1764 2609 me
1808 2551 2029 2610 sterne
2072 2551 2248 2611 tuum
2290 2544 2557 2629 lectum,

188 2283 459 2368 Gaude,
507 2303 652 2368 quae
696 2300 865 2350 voce
908 2281 1269 2367 praeclara,

186 2395 521 2471 tamquam
566 2387 815 2454 coelesti
859 2384 1170 2471 cythara,

185 2509 373 2559 novo
415 2489 831 2575 epithalamio

188 2594 596 2681 Praecinffiffi
637 2591 792 2659 ὥθ’
1551 2649 1702 2736 quia
1745 2670 1956 2715 meum
2000 2651 2128 2717 scis
2172 2649 2470 2715 affectum
2483 2697 2502 2735 ‚

191 2782 461 2865 Gaude,
507 2801 654 2867 quae
697 2797 941 2867 sponso
986 2780 1272 2847 concinis
1359 2780 1447 2844 35
1550 2764 1618 2823 ‘⁰
1663 2755 1863 2840 diliss0
1877 2805 1896 2841 ι
1939 2755 2300 2822 0011ΒὶἆοΓῶ
2713 2754 2796 2820 60

190 2893 428 2969 cantu,
473 2885 657 2970 cujus
699 2902 831 2949 non
876 2890 979 2949 est
1010 2881 1190 2968 finis,

189 2997 378 3057 tuum
424 2987 903 3073 epithalamium
1554 2963 1611 3030 0
1642 2963 1934 3049 jocunda
1951 3012 1970 3048 ,
2013 2982 2117 3029 me
2160 2962 2489 3030 circumda

188 3092 321 3160 tihi
366 3090 489 3156 soli
532 3090 618 3155 sit
661 3088 1015 3175 proprium.
1554 3068 1845 3134 (1111111168
1885 3088 2079 3134 manu
2121 3066 2359 3133 munda
2373 3115 2391 3149 ,

1553 3179 1627 3239 ut
1670 3191 1891 3238 amare
1934 3179 2000 3237 te
2046 3189 2416 3237 assuescam

194 3279 480 3347 Sacram
523 3298 754 3348 vocem
797 3286 931 3348 tuae
973 3281 1185 3347 laudis
1554 3285 1626 3344 et
1667 3275 1943 3343 amando
1986 3293 2118 3341 non
2162 3274 2522 3359 quiescam,

192 3384 350 3452 sola
390 3384 653 3469 promis,
697 3386 842 3452 sola
884 3385 1071 3452 audis
1364 3387 1450 3452 40
1557 3381 1644 3447 da
1687 3380 1843 3446 mihi
1884 3387 1951 3446 te
1991 3380 2060 3445 in
2103 3380 2452 3465 praemium.
2714 3378 2796 3443 65

380 3589 641 3646 Dieselhe
677 3589 770 3646 ns.
808 3591 898 3647 131.
935 3592 1024 3647 53.
1094 3591 1181 3646 Da
1214 3589 1274 3645 iu
1308 3587 1411 3644 der
1443 3586 1663 3659 Vesper
1698 3586 1801 3642 das
1834 3582 2159 3659 Magnificat
2191 3597 2483 3658 gestingen
2517 3581 2667 3639 wird
2679 3624 2698 3652 ,
2730 3598 2800 3642 so

141 3680 147 3685 ’
194 3678 283 3735 ist
315 3677 374 3732 ἰιι
409 3676 618 3732 diesem
650 3676 821 3734 Liede
857 3675 1071 3734 darauf
1094 3675 1483 3749 hingewiesen
1515 3674 1580 3730 V.
1616 3678 1668 3731 2.
1702 3675 1929 3731 31-38.

380 3831 445 3886 V.
484 3834 567 3887 17.
621 3832 889 3903 portasti,
927 3831 1105 3889 daher
1136 3832 1315 3889 heisst
1347 3830 1431 3888 sie
1465 3829 1560 3887 bei
1592 3832 1815 3887 Anxlm.
1843 3832 1987 3887 orat.
2003 3831 2091 3887 47.
2147 3826 2382 3900 deifera,
2420 3830 2509 3885 die
2527 3829 2801 3887 Griecheu

196 3918 491 3977 brauchen
537 3918 692 3975 ‹liese
726 3919 1070 3992 Benennung
1103 3919 1313 3988 selten,
1375 3917 1514 3974 aber
1550 3913 1644 3973 oft
1676 3914 1959 3993 ζωηφόρος
1991 3914 2137 3993 πηγὴ
2150 3957 2167 3987 ,
2236 3916 2372 3972 weil
2407 3917 2660 3976 Christus
2697 3916 2801 3983 (lan

197 4006 397 4064 Lehen
431 4006 524 4063 ist.
588 4006 731 4062 Pent.
767 4007 852 4061 19.

374 4093 444 4150 V.
479 4096 566 4149 ³3.
621 4092 1054 4167 epithalamium,
1095 4095 1197 4152 clas
1231 4090 1572 4169 Hagnfficat.

384 4181 454 4237 V.
493 4182 579 4237 39.
633 4180 1008 4255 privilegium.
1062 4184 1148 4238 44.
1181 4183 1417 4282 regina.
1451 4183 1681 4238 Ameana·
1706 4185 1851 4238 orat.
1880 4182 1967 4238 55.
1999 4181 2277 4255 singulari
2308 4180 2619 4254 privilegio
2655 4169 2803 4237 sicu't

200 4267 393 4325 nescis
443 4268 505 4323 in
550 4268 807 4324 omnibus
841 4268 1346 4342 comparationem,
1399 4268 1482 4326 ita
1517 4267 1871 4325 nihilominus
1905 4274 1966 4324 et
1998 4268 2313 4342 angelicam
2348 4284 2585 4340 superas
2621 4267 2801 4342 digui-

204 4358 399 4413 tatem.
467 4353 833 4429 Ueberhaupt
865 4355 944 4413 ist
974 4356 1203 4414 Anselm
1237 4356 1297 4412 in
1332 4356 1524 4412 seinen
1560 4355 1808 4415 Hebeten
1842 4355 2000 4413 reich
2034 4373 2108 4412 an
2133 4356 2433 4413 Beinamen
2455 4355 2652 4428 uaria,
2687 4356 2801 4413 wie

205 4441 295 4500 sie
347 4442 759 4515 grossentheils
812 4443 958 4499 auch
1006 4444 1067 4498 in
1119 4442 1311 4499 diesen
1361 4442 1599 4500 Liedern
1647 4442 2031 4499 vurkommen.
2127 4443 2223 4498 Ich
2285 4449 2438 4499 setae
2500 4461 2603 4501 zur
2665 4444 2804 4501 Ver-

206 4531 515 4604 gleichung
560 4531 684 4588 eine
734 4532 923 4588 kleine
969 4530 1529 4606 Beispielsammlung
1572 4533 1693 4588 her.
1766 4532 1921 4589 Orat.
1959 4534 2045 4586 53.
2108 4531 2484 4604 gratissimum
2531 4532 2620 4589 dei
2668 4537 2805 4589 tem·

203 4618 377 4690 plum,
414 4620 648 4691 spiritus
684 4621 866 4678 sancti
899 4622 1221 4692 sacrarium,
1257 4638 1479 4695 gemma
1513 4621 1777 4678 coelestis.
1832 4619 1985 4678 Orat.
2017 4623 2103 4676 54.
2140 4621 2275 4676 luna
2307 4622 2366 4677 in
2399 4623 2582 4680 medio
2616 4622 2805 4679 firma-

203 4707 401 4779 menti,
428 4708 665 4780 ,myrrha
697 4707 913 4782 electen.
935 4709 1163 4786 piscina·
1187 4710 1247 4767 in
1279 4710 1503 4772 Esebou
1516 4751 1533 4784 ,
1566 4709 1800 4784 virgula
1832 4705 1973 4766 fumi
2005 4708 2066 4767 iu
2100 4709 2463 4784 aromatibus,
2497 4707 2802 4769 fasciculus
