<?xml version="1.0" encoding="UTF-8"?>
<!DOCTYPE html PUBLIC "-//W3C//DTD XHTML 1.0 Transitional//EN"
    "http://www.w3.org/TR/xhtml1/DTD/xhtml1-transitional.dtd">
<html xmlns="http://www.w3.org/1999/xhtml" xml:lang="en" lang="en">
 <head>
  <title>
</title>
<meta http-equiv="Content-Type" content="text/html;charset=utf-8" />
  <meta name='ocr-system' content='tesseract 3.04.00' />
  <meta name='ocr-capabilities' content='ocr_page ocr_carea ocr_par ocr_line ocrx_word'/>
</head>
<body>
  <div class='ocr_page' id='page_1' title='image "./lateinischehymn03monegoog_0162.png"; bbox 0 0 3167 5242; ppageno 0'>
   <div class='ocr_carea' id='block_1_1' title="bbox 377 266 522 338">
    <p class='ocr_par' dir='ltr' id='par_1_1' title="bbox 377 266 522 338">
     <span class='ocr_line' id='line_1_1' title="bbox 377 266 522 338; baseline -0.014 0"><span class='ocrx_word' id='word_1_1' title='bbox 377 266 522 338; x_wconf 68' lang='lat' dir='ltr'><strong>‘1oe</strong></span> 
     </span>
    </p>
   </div>
   <div class='ocr_carea' id='block_1_2' title="bbox 384 455 1272 859">
    <p class='ocr_par' dir='ltr' id='par_1_2' title="bbox 384 455 1272 859">
     <span class='ocr_line' id='line_1_2' title="bbox 384 455 1080 524; baseline -0.004 0"><span class='ocrx_word' id='word_1_2' title='bbox 384 457 453 524; x_wconf 90' lang='lat' dir='ltr'><strong>in</strong></span> <span class='ocrx_word' id='word_1_3' title='bbox 496 456 644 524; x_wconf 86' lang='lat' dir='ltr'><strong>luee</strong></span> <span class='ocrx_word' id='word_1_4' title='bbox 689 463 755 521; x_wconf 88' lang='lat' dir='ltr'><strong>te</strong></span> <span class='ocrx_word' id='word_1_5' title='bbox 800 455 1080 522; x_wconf 77' lang='lat' dir='ltr'><strong>collocat</strong></span> 
     </span>
     <span class='ocr_line' id='line_1_3' title="bbox 475 558 1261 646; baseline 0 -19"><span class='ocrx_word' id='word_1_6' title='bbox 475 558 716 627; x_wconf 88' lang='lat' dir='ltr'><strong>Jhesus</strong></span> <span class='ocrx_word' id='word_1_7' title='bbox 759 559 966 646; x_wconf 84' lang='lat' dir='ltr'>ipsam</span> <span class='ocrx_word' id='word_1_8' title='bbox 1009 577 1261 646; x_wconf 80' lang='lat' dir='ltr'><strong>seeum,</strong></span> 
     </span>
     <span class='ocr_line' id='line_1_4' title="bbox 385 665 1032 734; baseline 0.003 -2"><span class='ocrx_word' id='word_1_9' title='bbox 385 665 501 732; x_wconf 87' lang='lat' dir='ltr'><strong>lux</strong></span> <span class='ocrx_word' id='word_1_10' title='bbox 545 665 773 731; x_wconf 85' lang='lat' dir='ltr'><strong>eadem</strong></span> <span class='ocrx_word' id='word_1_11' title='bbox 815 667 1032 734; x_wconf 81' lang='lat' dir='ltr'><strong>luceat</strong></span> 
     </span>
     <span class='ocr_line' id='line_1_5' title="bbox 472 769 1272 859; baseline 0.004 -25"><span class='ocrx_word' id='word_1_12' title='bbox 472 769 657 857; x_wconf 87' lang='lat' dir='ltr'><strong>mihi,</strong></span> <span class='ocrx_word' id='word_1_13' title='bbox 697 771 813 859; x_wconf 23' lang='lat' dir='ltr'><strong>*qui</strong></span> <span class='ocrx_word' id='word_1_14' title='bbox 853 792 994 838; x_wconf 88' lang='lat' dir='ltr'><strong>sum</strong></span> <span class='ocrx_word' id='word_1_15' title='bbox 1039 778 1272 841; x_wconf 78' lang='lat' dir='ltr'><strong>eaeous.</strong></span> 
     </span>
    </p>
   </div>
   <div class='ocr_carea' id='block_1_3' title="bbox 386 952 1171 1746">
    <p class='ocr_par' dir='ltr' id='par_1_3' title="bbox 386 952 1171 1746">
     <span class='ocr_line' id='line_1_6' title="bbox 387 952 924 1038; baseline -0.017 -13"><span class='ocrx_word' id='word_1_16' title='bbox 387 954 758 1025; x_wconf 76' lang='lat' dir='ltr'><strong>Mulier-ibus</strong></span> <span class='ocrx_word' id='word_1_17' title='bbox 797 952 924 1038; x_wconf 89' lang='lat' dir='ltr'><strong>piis</strong></span> 
     </span>
     <span class='ocr_line' id='line_1_7' title="bbox 473 1055 1162 1139; baseline -0.009 -15"><span class='ocrx_word' id='word_1_18' title='bbox 473 1066 545 1124; x_wconf 88' lang='lat' dir='ltr'><strong>tn</strong></span> <span class='ocrx_word' id='word_1_19' title='bbox 589 1075 674 1122; x_wconf 83' lang='lat' dir='ltr'><strong>es·</strong></span> <span class='ocrx_word' id='word_1_20' title='bbox 707 1055 1162 1139; x_wconf 78' lang='lat' dir='ltr'><strong>gubernatrix,</strong></span> 
     </span>
     <span class='ocr_line' id='line_1_8' title="bbox 386 1162 933 1246; baseline -0.013 -16"><span class='ocrx_word' id='word_1_21' title='bbox 386 1162 760 1246; x_wconf 84' lang='lat' dir='ltr'><strong>mulieribus</strong></span> <span class='ocrx_word' id='word_1_22' title='bbox 802 1162 933 1225; x_wconf 89' lang='lat' dir='ltr'><strong>reis</strong></span> 
     </span>
     <span class='ocr_line' id='line_1_9' title="bbox 474 1264 994 1347; baseline -0.006 -15"><span class='ocrx_word' id='word_1_23' title='bbox 474 1273 545 1332; x_wconf 87' lang='lat' dir='ltr'><strong>tu</strong></span> <span class='ocrx_word' id='word_1_24' title='bbox 590 1264 957 1330; x_wconf 82' lang='lat' dir='ltr'><strong>auxiliatrix</strong></span> <span class='ocrx_word' id='word_1_25' title='bbox 974 1312 994 1347; x_wconf 93' lang='lat'><strong>,</strong></span> 
     </span>
     <span class='ocr_line' id='line_1_10' title="bbox 388 1369 1054 1438; baseline -0.008 0"><span class='ocrx_word' id='word_1_26' title='bbox 388 1369 760 1438; x_wconf 87' lang='lat' dir='ltr'><strong>mulieribus</strong></span> <span class='ocrx_word' id='word_1_27' title='bbox 806 1369 1054 1435; x_wconf 82' lang='lat' dir='ltr'><strong>eunetis</strong></span> 
     </span>
     <span class='ocr_line' id='line_1_11' title="bbox 475 1474 1133 1557; baseline -0.002 -18"><span class='ocrx_word' id='word_1_28' title='bbox 475 1481 549 1539; x_wconf 85' lang='lat' dir='ltr'><strong>tu</strong></span> <span class='ocrx_word' id='word_1_29' title='bbox 584 1493 658 1539; x_wconf 89' lang='lat' dir='ltr'><strong>es</strong></span> <span class='ocrx_word' id='word_1_30' title='bbox 702 1474 1133 1557; x_wconf 81' lang='lat' dir='ltr'><strong>sublevatrix3</strong></span> 
     </span>
     <span class='ocr_line' id='line_1_12' title="bbox 392 1575 1171 1658; baseline -0.005 -14"><span class='ocrx_word' id='word_1_31' title='bbox 392 1585 463 1644; x_wconf 85' lang='lat' dir='ltr'><strong>tu</strong></span> <span class='ocrx_word' id='word_1_32' title='bbox 507 1582 719 1658; x_wconf 87' lang='lat' dir='ltr'><strong>tanta,</strong></span> <span class='ocrx_word' id='word_1_33' title='bbox 762 1583 891 1640; x_wconf 88' lang='lat' dir='ltr'><strong>tam</strong></span> <span class='ocrx_word' id='word_1_34' title='bbox 935 1575 1171 1641; x_wconf 89' lang='lat' dir='ltr'><strong>nobilis</strong></span> 
     </span>
     <span class='ocr_line' id='line_1_13' title="bbox 476 1679 1145 1746; baseline -0.001 -1"><span class='ocrx_word' id='word_1_35' title='bbox 476 1681 568 1746; x_wconf 88' lang='lat' dir='ltr'><strong>sis</strong></span> <span class='ocrx_word' id='word_1_36' title='bbox 611 1679 767 1744; x_wconf 87' lang='lat' dir='ltr'><strong>mihi</strong></span> <span class='ocrx_word' id='word_1_37' title='bbox 809 1679 1145 1745; x_wconf 77' lang='lat' dir='ltr'><strong>salvatrix.</strong></span> 
     </span>
    </p>
   </div>
   <div class='ocr_carea' id='block_1_4' title="bbox 389 1856 1366 2648">
    <p class='ocr_par' dir='ltr' id='par_1_4' title="bbox 390 1856 1313 2055">
     <span class='ocr_line' id='line_1_14' title="bbox 390 1856 1313 1943; baseline -0.008 -14"><span class='ocrx_word' id='word_1_38' title='bbox 390 1861 472 1929; x_wconf 77' lang='lat' dir='ltr'><strong>Et</strong></span> <span class='ocrx_word' id='word_1_39' title='bbox 512 1868 586 1926; x_wconf 86' lang='lat' dir='ltr'><strong>tu</strong></span> <span class='ocrx_word' id='word_1_40' title='bbox 625 1861 821 1943; x_wconf 82' lang='lat' dir='ltr'><strong>virgo</strong></span> <span class='ocrx_word' id='word_1_41' title='bbox 840 1907 858 1942; x_wconf 92' lang='lat'><strong>,</strong></span> <span class='ocrx_word' id='word_1_42' title='bbox 904 1866 1147 1943; x_wconf 87' lang='lat' dir='ltr'><strong>quanta</strong></span> <span class='ocrx_word' id='word_1_43' title='bbox 1190 1856 1313 1943; x_wconf 88' lang='lat' dir='ltr'><strong>sis,</strong></span> 
     </span>
     <span class='ocr_line' id='line_1_15' title="bbox 477 1961 1221 2055; baseline -0.004 -26"><span class='ocrx_word' id='word_1_44' title='bbox 477 1983 626 2055; x_wconf 21' lang='lat' dir='ltr'><strong>non·</strong></span> <span class='ocrx_word' id='word_1_45' title='bbox 651 1970 871 2048; x_wconf 85' lang='lat' dir='ltr'><strong>potest</strong></span> <span class='ocrx_word' id='word_1_46' title='bbox 908 1961 1221 2045; x_wconf 75' lang='lat' dir='ltr'><strong>enarrari,</strong></span> 
     </span>
    </p>

    <p class='ocr_par' dir='ltr' id='par_1_5' title="bbox 391 2062 1366 2254">
     <span class='ocr_line' id='line_1_16' title="bbox 391 2062 1366 2150; baseline -0.003 -19"><span class='ocrx_word' id='word_1_47' title='bbox 391 2073 461 2131; x_wconf 86' lang='lat' dir='ltr'><strong>et</strong></span> <span class='ocrx_word' id='word_1_48' title='bbox 504 2073 809 2149; x_wconf 84' lang='lat' dir='ltr'><strong>quantum</strong></span> <span class='ocrx_word' id='word_1_49' title='bbox 850 2065 1037 2130; x_wconf 90' lang='lat' dir='ltr'><strong>vales</strong></span> <span class='ocrx_word' id='word_1_50' title='bbox 1081 2062 1366 2150; x_wconf 79' lang='lat' dir='ltr'><strong>miseris,</strong></span> 
     </span>
     <span class='ocr_line' id='line_1_17' title="bbox 479 2164 1275 2254; baseline -0.001 -20"><span class='ocrx_word' id='word_1_51' title='bbox 479 2171 622 2252; x_wconf 84' lang='lat' dir='ltr'><strong>quis</strong></span> <span class='ocrx_word' id='word_1_52' title='bbox 664 2176 884 2254; x_wconf 88' lang='lat' dir='ltr'><strong>potest</strong></span> <span class='ocrx_word' id='word_1_53' title='bbox 926 2164 1275 2234; x_wconf 65' lang='lat' dir='ltr'><strong>meditari?</strong></span> 
     </span>
    </p>

    <p class='ocr_par' dir='ltr' id='par_1_6' title="bbox 389 2272 1121 2461">
     <span class='ocr_line' id='line_1_18' title="bbox 389 2272 1121 2357; baseline -0.004 -17"><span class='ocrx_word' id='word_1_54' title='bbox 389 2279 460 2340; x_wconf 81' lang='lat' dir='ltr'><strong>et</strong></span> <span class='ocrx_word' id='word_1_55' title='bbox 499 2272 651 2339; x_wconf 90' lang='lat' dir='ltr'><strong>ideo</strong></span> <span class='ocrx_word' id='word_1_56' title='bbox 695 2293 838 2357; x_wconf 84' lang='lat' dir='ltr'><strong>prae</strong></span> <span class='ocrx_word' id='word_1_57' title='bbox 883 2274 1121 2339; x_wconf 79' lang='lat' dir='ltr'><strong>ceteris</strong></span> 
     </span>
     <span class='ocr_line' id='line_1_19' title="bbox 476 2376 1075 2461; baseline -0.003 -19"><span class='ocrx_word' id='word_1_58' title='bbox 476 2378 631 2443; x_wconf 86' lang='lat' dir='ltr'><strong>volo</strong></span> <span class='ocrx_word' id='word_1_59' title='bbox 677 2384 742 2442; x_wconf 86' lang='lat' dir='ltr'><strong>te</strong></span> <span class='ocrx_word' id='word_1_60' title='bbox 785 2376 1075 2461; x_wconf 82' lang='lat' dir='ltr'><strong>preoari,</strong></span> 
     </span>
    </p>

    <p class='ocr_par' dir='ltr' id='par_1_7' title="bbox 389 2470 1195 2648">
     <span class='ocr_line' id='line_1_20' title="bbox 389 2470 1195 2546; baseline -0.006 0"><span class='ocrx_word' id='word_1_61' title='bbox 389 2501 474 2546; x_wconf 94' lang='lat' dir='ltr'><strong>ne</strong></span> <span class='ocrx_word' id='word_1_62' title='bbox 517 2481 692 2544; x_wconf 89' lang='lat' dir='ltr'><strong>sinas</strong></span> <span class='ocrx_word' id='word_1_63' title='bbox 737 2498 839 2543; x_wconf 89' lang='lat' dir='ltr'><strong>me</strong></span> <span class='ocrx_word' id='word_1_64' title='bbox 886 2470 1195 2543; x_wconf 86' lang='lat' dir='ltr'><strong>daemonis</strong></span> 
     </span>
     <span class='ocr_line' id='line_1_21' title="bbox 477 2578 1072 2648; baseline -0.007 -2"><span class='ocrx_word' id='word_1_65' title='bbox 477 2581 633 2648; x_wconf 86' lang='lat' dir='ltr'><strong>dolo</strong></span> <span class='ocrx_word' id='word_1_66' title='bbox 679 2578 1072 2646; x_wconf 83' lang='lat' dir='ltr'><strong>defraudari.</strong></span> 
     </span>
    </p>
   </div>
   <div class='ocr_carea' id='block_1_5' title="bbox 390 2760 1166 3566">
    <p class='ocr_par' dir='ltr' id='par_1_8' title="bbox 390 2760 1166 3566">
     <span class='ocr_line' id='line_1_22' title="bbox 391 2760 1136 2844; baseline -0.008 -14"><span class='ocrx_word' id='word_1_67' title='bbox 391 2764 765 2830; x_wconf 76' lang='lat' dir='ltr'><strong>Benedictus</strong></span> <span class='ocrx_word' id='word_1_68' title='bbox 811 2760 1104 2826; x_wconf 84' lang='lat' dir='ltr'><strong>dominus</strong></span> <span class='ocrx_word' id='word_1_69' title='bbox 1118 2808 1136 2844; x_wconf 91' lang='lat'>‚</span> 
     </span>
     <span class='ocr_line' id='line_1_23' title="bbox 481 2863 1111 2949; baseline -0.006 -19"><span class='ocrx_word' id='word_1_70' title='bbox 481 2865 590 2949; x_wconf 90' lang='lat' dir='ltr'><strong>qui</strong></span> <span class='ocrx_word' id='word_1_71' title='bbox 633 2864 748 2929; x_wconf 88' lang='lat' dir='ltr'><strong>tali</strong></span> <span class='ocrx_word' id='word_1_72' title='bbox 791 2863 1111 2944; x_wconf 80' lang='lat' dir='ltr'><strong>obedivit,</strong></span> 
     </span>
     <span class='ocr_line' id='line_1_24' title="bbox 392 2965 1022 3049; baseline -0.008 -12"><span class='ocrx_word' id='word_1_73' title='bbox 392 2965 776 3037; x_wconf 81' lang='lat' dir='ltr'><strong>benedictus</strong></span> <span class='ocrx_word' id='word_1_74' title='bbox 820 2966 1022 3049; x_wconf 81' lang='lat' dir='ltr'><strong>filius,</strong></span> 
     </span>
     <span class='ocr_line' id='line_1_25' title="bbox 479 3067 1105 3153; baseline -0.005 -19"><span class='ocrx_word' id='word_1_75' title='bbox 479 3070 590 3153; x_wconf 88' lang='lat' dir='ltr'><strong>qui</strong></span> <span class='ocrx_word' id='word_1_76' title='bbox 634 3067 717 3133; x_wconf 88' lang='lat' dir='ltr'><strong>de</strong></span> <span class='ocrx_word' id='word_1_77' title='bbox 760 3076 828 3133; x_wconf 89' lang='lat' dir='ltr'><strong>te</strong></span> <span class='ocrx_word' id='word_1_78' title='bbox 873 3068 1105 3150; x_wconf 78' lang='lat' dir='ltr'><strong>exivit,</strong></span> 
     </span>
     <span class='ocr_line' id='line_1_26' title="bbox 390 3172 1111 3256; baseline -0.01 -15"><span class='ocrx_word' id='word_1_79' title='bbox 390 3172 772 3241; x_wconf 79' lang='lat' dir='ltr'><strong>benedietus</strong></span> <span class='ocrx_word' id='word_1_80' title='bbox 817 3172 1111 3256; x_wconf 85' lang='lat' dir='ltr'><strong>spiritus,</strong></span> 
     </span>
     <span class='ocr_line' id='line_1_27' title="bbox 479 3275 1133 3359; baseline -0.005 -18"><span class='ocrx_word' id='word_1_81' title='bbox 479 3276 589 3359; x_wconf 90' lang='lat' dir='ltr'><strong>qui</strong></span> <span class='ocrx_word' id='word_1_82' title='bbox 633 3277 858 3341; x_wconf 88' lang='lat' dir='ltr'><strong>ambos</strong></span> <span class='ocrx_word' id='word_1_83' title='bbox 901 3275 1133 3357; x_wconf 78' lang='lat' dir='ltr'><strong>univit,</strong></span> 
     </span>
     <span class='ocr_line' id='line_1_28' title="bbox 391 3379 980 3461; baseline -0.007 -15"><span class='ocrx_word' id='word_1_84' title='bbox 391 3381 503 3446; x_wconf 88' lang='lat' dir='ltr'><strong>ille</strong></span> <span class='ocrx_word' id='word_1_85' title='bbox 547 3401 650 3445; x_wconf 91' lang='lat' dir='ltr'><strong>me</strong></span> <span class='ocrx_word' id='word_1_86' title='bbox 697 3379 980 3461; x_wconf 83' lang='lat' dir='ltr'><strong>reficiat,</strong></span> 
     </span>
     <span class='ocr_line' id='line_1_29' title="bbox 481 3482 1166 3566; baseline -0.003 -19"><span class='ocrx_word' id='word_1_87' title='bbox 481 3484 591 3566; x_wconf 90' lang='lat' dir='ltr'><strong>qui</strong></span> <span class='ocrx_word' id='word_1_88' title='bbox 633 3491 700 3547; x_wconf 86' lang='lat' dir='ltr'><strong>te</strong></span> <span class='ocrx_word' id='word_1_89' title='bbox 725 3483 841 3547; x_wconf 81' lang='lat' dir='ltr'><strong>sio</strong></span> <span class='ocrx_word' id='word_1_90' title='bbox 881 3482 1166 3547; x_wconf 88' lang='lat' dir='ltr'><strong>munivit.</strong></span> 
     </span>
    </p>
   </div>
   <div class='ocr_carea' id='block_1_6' title="bbox 391 3662 1226 4481">
    <p class='ocr_par' dir='ltr' id='par_1_9' title="bbox 393 3662 1225 3850">
     <span class='ocr_line' id='line_1_30' title="bbox 393 3662 1225 3733; baseline -0.006 0"><span class='ocrx_word' id='word_1_91' title='bbox 393 3665 659 3733; x_wconf 75' lang='lat' dir='ltr'><strong>Fructus</strong></span> <span class='ocrx_word' id='word_1_92' title='bbox 702 3662 964 3726; x_wconf 81' lang='lat' dir='ltr'><strong>fervens</strong></span> <span class='ocrx_word' id='word_1_93' title='bbox 1005 3662 1225 3728; x_wconf 81' lang='lat' dir='ltr'><strong>floruit</strong></span> 
     </span>
     <span class='ocr_line' id='line_1_31' title="bbox 482 3765 1199 3850; baseline 0 -19"><span class='ocrx_word' id='word_1_94' title='bbox 482 3766 566 3831; x_wconf 89' lang='lat' dir='ltr'><strong>de</strong></span> <span class='ocrx_word' id='word_1_95' title='bbox 611 3774 678 3831; x_wconf 85' lang='lat' dir='ltr'><strong>te</strong></span> <span class='ocrx_word' id='word_1_96' title='bbox 723 3784 867 3830; x_wconf 83' lang='lat' dir='ltr'><strong>oum</strong></span> <span class='ocrx_word' id='word_1_97' title='bbox 904 3765 1199 3850; x_wconf 82' lang='lat' dir='ltr'><strong>duloore,</strong></span> 
     </span>
    </p>

    <p class='ocr_par' dir='ltr' id='par_1_10' title="bbox 391 3871 1168 4061">
     <span class='ocr_line' id='line_1_32' title="bbox 391 3871 1145 3954; baseline -0.004 -16"><span class='ocrx_word' id='word_1_98' title='bbox 391 3873 641 3939; x_wconf 81' lang='lat' dir='ltr'><strong>fructus</strong></span> <span class='ocrx_word' id='word_1_99' title='bbox 686 3871 942 3954; x_wconf 78' lang='lat' dir='ltr'><strong>fulgens</strong></span> <span class='ocrx_word' id='word_1_100' title='bbox 986 3871 1145 3935; x_wconf 85' lang='lat' dir='ltr'><strong>exiit</strong></span> 
     </span>
     <span class='ocr_line' id='line_1_33' title="bbox 482 3975 1168 4061; baseline -0.007 -16"><span class='ocrx_word' id='word_1_101' title='bbox 482 3978 567 4045; x_wconf 90' lang='lat' dir='ltr'><strong>de</strong></span> <span class='ocrx_word' id='word_1_102' title='bbox 609 3985 677 4044; x_wconf 87' lang='lat' dir='ltr'><strong>te</strong></span> <span class='ocrx_word' id='word_1_103' title='bbox 722 3996 863 4042; x_wconf 86' lang='lat' dir='ltr'><strong>eum</strong></span> <span class='ocrx_word' id='word_1_104' title='bbox 908 3975 1168 4061; x_wconf 81' lang='lat' dir='ltr'><strong>deeore,</strong></span> 
     </span>
    </p>

    <p class='ocr_par' dir='ltr' id='par_1_11' title="bbox 391 4080 1226 4272">
     <span class='ocr_line' id='line_1_34' title="bbox 391 4080 1226 4166; baseline -0.002 -18"><span class='ocrx_word' id='word_1_105' title='bbox 391 4082 641 4148; x_wconf 79' lang='lat' dir='ltr'><strong>fruetus</strong></span> <span class='ocrx_word' id='word_1_106' title='bbox 677 4082 938 4165; x_wconf 84' lang='lat' dir='ltr'><strong>fulgens</strong></span> <span class='ocrx_word' id='word_1_107' title='bbox 981 4080 1226 4166; x_wconf 83' lang='lat' dir='ltr'><strong>prodiit</strong></span> 
     </span>
     <span class='ocr_line' id='line_1_35' title="bbox 479 4184 1054 4272; baseline -0.002 -22"><span class='ocrx_word' id='word_1_108' title='bbox 479 4186 771 4272; x_wconf 86' lang='lat' dir='ltr'><strong>repletus</strong></span> <span class='ocrx_word' id='word_1_109' title='bbox 817 4184 1020 4250; x_wconf 88' lang='lat' dir='ltr'><strong>odore</strong></span> <span class='ocrx_word' id='word_1_110' title='bbox 1033 4204 1054 4268; x_wconf 81' lang='lat'><em>3</em></span> 
     </span>
    </p>

    <p class='ocr_par' dir='ltr' id='par_1_12' title="bbox 391 4290 1220 4481">
     <span class='ocr_line' id='line_1_36' title="bbox 391 4290 1220 4356; baseline -0.004 0"><span class='ocrx_word' id='word_1_111' title='bbox 391 4290 502 4356; x_wconf 89' lang='lat' dir='ltr'><strong>ille</strong></span> <span class='ocrx_word' id='word_1_112' title='bbox 544 4310 648 4355; x_wconf 88' lang='lat' dir='ltr'><strong>me</strong></span> <span class='ocrx_word' id='word_1_113' title='bbox 693 4290 940 4356; x_wconf 80' lang='lat' dir='ltr'><strong>fructus</strong></span> <span class='ocrx_word' id='word_1_114' title='bbox 983 4290 1220 4354; x_wconf 88' lang='lat' dir='ltr'><strong>liberet</strong></span> 
     </span>
     <span class='ocr_line' id='line_1_37' title="bbox 479 4395 1208 4481; baseline 0 -20"><span class='ocrx_word' id='word_1_115' title='bbox 479 4414 743 4481; x_wconf 86' lang='lat' dir='ltr'><strong>semper</strong></span> <span class='ocrx_word' id='word_1_116' title='bbox 785 4415 828 4460; x_wconf 87' lang='lat' dir='ltr'><strong>a</strong></span> <span class='ocrx_word' id='word_1_117' title='bbox 869 4395 1208 4478; x_wconf 81' lang='lat' dir='ltr'><strong>languore.</strong></span> 
     </span>
    </p>
   </div>
   <div class='ocr_carea' id='block_1_7' title="bbox 404 4572 1169 4760">
    <p class='ocr_par' dir='ltr' id='par_1_13' title="bbox 404 4572 1169 4760">
     <span class='ocr_line' id='line_1_38' title="bbox 404 4572 1169 4657; baseline 0 -18"><span class='ocrx_word' id='word_1_118' title='bbox 404 4572 648 4641; x_wconf 69' lang='lat' dir='ltr'><strong>Ventris</strong></span> <span class='ocrx_word' id='word_1_119' title='bbox 690 4574 786 4638; x_wconf 86' lang='lat' dir='ltr'><strong>sio</strong></span> <span class='ocrx_word' id='word_1_120' title='bbox 826 4573 1169 4657; x_wconf 78' lang='lat' dir='ltr'><strong>integritas</strong></span> 
     </span>
     <span class='ocr_line' id='line_1_39' title="bbox 484 4674 1165 4760; baseline 0.001 -19"><span class='ocrx_word' id='word_1_121' title='bbox 484 4674 597 4741; x_wconf 85' lang='lat' dir='ltr'><strong>dat</strong></span> <span class='ocrx_word' id='word_1_122' title='bbox 640 4674 830 4741; x_wconf 82' lang='lat' dir='ltr'><strong>floris.</strong></span> <span class='ocrx_word' id='word_1_123' title='bbox 861 4674 1165 4760; x_wconf 86' lang='lat' dir='ltr'><strong>odorem,</strong></span> 
     </span>
    </p>
   </div>
   <div class='ocr_carea' id='block_1_8' title="bbox 1553 562 1639 628">
    <p class='ocr_par' dir='ltr' id='par_1_14' title="bbox 1553 562 1639 628">
     <span class='ocr_line' id='line_1_40' title="bbox 1553 562 1639 628; baseline 0.023 -2"><span class='ocrx_word' id='word_1_124' title='bbox 1553 562 1639 628; x_wconf 71' lang='lat'><strong>&#39;10</strong></span> 
     </span>
    </p>
   </div>
   <div class='ocr_carea' id='block_1_9' title="bbox 1554 1160 1637 1223">
    <p class='ocr_par' dir='ltr' id='par_1_15' title="bbox 1554 1160 1637 1223">
     <span class='ocr_line' id='line_1_41' title="bbox 1554 1160 1637 1223; baseline 0 0"><span class='ocrx_word' id='word_1_125' title='bbox 1554 1160 1637 1223; x_wconf 72' lang='lat'><strong>75</strong></span> 
     </span>
    </p>
   </div>
   <div class='ocr_carea' id='block_1_10' title="bbox 1551 1676 1640 1744">
    <p class='ocr_par' dir='ltr' id='par_1_16' title="bbox 1551 1676 1640 1744">
     <span class='ocr_line' id='line_1_42' title="bbox 1551 1676 1640 1744; baseline -0.022 0"><span class='ocrx_word' id='word_1_126' title='bbox 1551 1676 1640 1744; x_wconf 86' lang='lat'><strong>80</strong></span> 
     </span>
    </p>
   </div>
   <div class='ocr_carea' id='block_1_11' title="bbox 1505 2236 1642 2334">
    <p class='ocr_par' dir='ltr' id='par_1_17' title="bbox 1505 2236 1642 2334">
     <span class='ocr_line' id='line_1_43' title="bbox 1505 2236 1642 2334; baseline -0.022 0"><span class='ocrx_word' id='word_1_127' title='bbox 1505 2236 1642 2334; x_wconf 15' lang='lat'><strong>285</strong></span> 
     </span>
    </p>
   </div>
   <div class='ocr_carea' id='block_1_12' title="bbox 1559 2861 1644 2927">
    <p class='ocr_par' dir='ltr' id='par_1_18' title="bbox 1559 2861 1644 2927">
     <span class='ocr_line' id='line_1_44' title="bbox 1559 2861 1644 2927; baseline 0.012 -1"><span class='ocrx_word' id='word_1_128' title='bbox 1559 2861 1644 2927; x_wconf 79' lang='lat'><strong>90</strong></span> 
     </span>
    </p>
   </div>
   <div class='ocr_carea' id='block_1_13' title="bbox 1559 3377 1643 3442">
    <p class='ocr_par' dir='ltr' id='par_1_19' title="bbox 1559 3377 1643 3442">
     <span class='ocr_line' id='line_1_45' title="bbox 1559 3377 1643 3442; baseline -0.012 0"><span class='ocrx_word' id='word_1_129' title='bbox 1559 3377 1643 3442; x_wconf 81' lang='lat'><strong>95</strong></span> 
     </span>
    </p>
   </div>
   <div class='ocr_carea' id='block_1_14' title="bbox 1518 3977 1645 4044">
    <p class='ocr_par' dir='ltr' id='par_1_20' title="bbox 1518 3977 1645 4044">
     <span class='ocr_line' id='line_1_46' title="bbox 1518 3977 1645 4044; baseline 0.016 -2"><span class='ocrx_word' id='word_1_130' title='bbox 1518 3977 1645 4044; x_wconf 82' lang='lat'><strong>100</strong></span> 
     </span>
    </p>
   </div>
   <div class='ocr_carea' id='block_1_15' title="bbox 1743 449 2540 742">
    <p class='ocr_par' dir='ltr' id='par_1_21' title="bbox 1743 449 2540 742">
     <span class='ocr_line' id='line_1_47' title="bbox 1744 449 2492 539; baseline -0.013 -18"><span class='ocrx_word' id='word_1_131' title='bbox 1744 455 1991 521; x_wconf 89' lang='lat' dir='ltr'><strong>ventris</strong></span> <span class='ocrx_word' id='word_1_132' title='bbox 2032 449 2492 539; x_wconf 80' lang='lat' dir='ltr'><strong>ponderositas</strong></span> 
     </span>
     <span class='ocr_line' id='line_1_48' title="bbox 1828 554 2475 636; baseline -0.009 -13"><span class='ocrx_word' id='word_1_133' title='bbox 1828 557 2104 623; x_wconf 79' lang='lat' dir='ltr'><strong>nescivit</strong></span> <span class='ocrx_word' id='word_1_134' title='bbox 2145 554 2440 620; x_wconf 90' lang='lat' dir='ltr'><strong>dolorem</strong></span> <span class='ocrx_word' id='word_1_135' title='bbox 2457 601 2475 636; x_wconf 92' lang='lat'><strong>,</strong></span> 
     </span>
     <span class='ocr_line' id='line_1_49' title="bbox 1743 656 2540 742; baseline -0.009 -16"><span class='ocrx_word' id='word_1_136' title='bbox 1743 659 1994 726; x_wconf 85' lang='lat' dir='ltr'><strong>ventris</strong></span> <span class='ocrx_word' id='word_1_137' title='bbox 2038 658 2187 742; x_wconf 89' lang='lat' dir='ltr'><strong>puri</strong></span> <span class='ocrx_word' id='word_1_138' title='bbox 2231 656 2540 722; x_wconf 83' lang='lat' dir='ltr'><strong>elausitas</strong></span> 
     </span>
    </p>
   </div>
   <div class='ocr_carea' id='block_1_16' title="bbox 1828 759 2648 848">
    <p class='ocr_par' dir='ltr' id='par_1_22' title="bbox 1828 759 2648 848">
     <span class='ocr_line' id='line_1_50' title="bbox 1828 759 2648 848; baseline -0.001 -22"><span class='ocrx_word' id='word_1_139' title='bbox 1828 762 2136 848; x_wconf 73' lang='lat' dir='ltr'><strong>produxit</strong></span> <span class='ocrx_word' id='word_1_140' title='bbox 2171 762 2344 826; x_wconf 89' lang='lat' dir='ltr'><strong>hune</strong></span> <span class='ocrx_word' id='word_1_141' title='bbox 2387 759 2648 826; x_wconf 83' lang='lat' dir='ltr'><strong>florem:</strong></span> 
     </span>
    </p>
   </div>
   <div class='ocr_carea' id='block_1_17' title="bbox 1742 866 2424 1036">
    <p class='ocr_par' dir='ltr' id='par_1_23' title="bbox 1742 866 2424 1036">
     <span class='ocr_line' id='line_1_51' title="bbox 1742 866 2411 932; baseline -0.006 -1"><span class='ocrx_word' id='word_1_142' title='bbox 1742 886 1954 932; x_wconf 87' lang='lat' dir='ltr'><strong>meum</strong></span> <span class='ocrx_word' id='word_1_143' title='bbox 1998 873 2111 930; x_wconf 84' lang='lat' dir='ltr'><strong>tua</strong></span> <span class='ocrx_word' id='word_1_144' title='bbox 2152 866 2411 930; x_wconf 87' lang='lat' dir='ltr'><strong>bonitas</strong></span> 
     </span>
     <span class='ocr_line' id='line_1_52' title="bbox 1826 968 2424 1036; baseline -0.01 1"><span class='ocrx_word' id='word_1_145' title='bbox 1826 969 2071 1036; x_wconf 88' lang='lat' dir='ltr'><strong>minuat</strong></span> <span class='ocrx_word' id='word_1_146' title='bbox 2110 968 2424 1034; x_wconf 87' lang='lat' dir='ltr'><strong>laborem.</strong></span> 
     </span>
    </p>
   </div>
   <div class='ocr_carea' id='block_1_18' title="bbox 1744 1156 2620 1977">
    <p class='ocr_par' dir='ltr' id='par_1_24' title="bbox 1744 1156 2620 1977">
     <span class='ocr_line' id='line_1_53' title="bbox 1747 1156 2388 1229; baseline -0.011 0"><span class='ocrx_word' id='word_1_147' title='bbox 1747 1162 1862 1229; x_wconf 78' lang='lat' dir='ltr'><strong>Tm·</strong></span> <span class='ocrx_word' id='word_1_148' title='bbox 1902 1158 2075 1225; x_wconf 77' lang='lat' dir='ltr'><strong>sacri</strong></span> <span class='ocrx_word' id='word_1_149' title='bbox 2114 1156 2388 1223; x_wconf 90' lang='lat' dir='ltr'><strong>nominis</strong></span> 
     </span>
     <span class='ocr_line' id='line_1_54' title="bbox 1829 1265 2524 1351; baseline -0.003 -21"><span class='ocrx_word' id='word_1_150' title='bbox 1829 1285 1983 1351; x_wconf 86' lang='lat' dir='ltr'><strong>spes</strong></span> <span class='ocrx_word' id='word_1_151' title='bbox 2027 1266 2210 1330; x_wconf 86' lang='lat' dir='ltr'><strong>volat</strong></span> <span class='ocrx_word' id='word_1_152' title='bbox 2251 1265 2524 1349; x_wconf 89' lang='lat' dir='ltr'><strong>ubique,</strong></span> 
     </span>
     <span class='ocr_line' id='line_1_55' title="bbox 1744 1370 2432 1437; baseline -0.004 0"><span class='ocrx_word' id='word_1_153' title='bbox 1744 1371 1840 1437; x_wconf 81' lang='lat' dir='ltr'><strong>tui</strong></span> <span class='ocrx_word' id='word_1_154' title='bbox 1880 1371 2117 1435; x_wconf 86' lang='lat' dir='ltr'><strong>famam</strong></span> <span class='ocrx_word' id='word_1_155' title='bbox 2158 1370 2432 1435; x_wconf 88' lang='lat' dir='ltr'><strong>nominis</strong></span> 
     </span>
     <span class='ocr_line' id='line_1_56' title="bbox 1832 1473 2547 1560; baseline 0.001 -22"><span class='ocrx_word' id='word_1_156' title='bbox 1832 1473 2175 1541; x_wconf 76' lang='lat' dir='ltr'><strong>dinoscunt</strong></span> <span class='ocrx_word' id='word_1_157' title='bbox 2216 1474 2511 1560; x_wconf 84' lang='lat' dir='ltr'><strong>plerique</strong></span> <span class='ocrx_word' id='word_1_158' title='bbox 2527 1521 2547 1558; x_wconf 89' lang='lat'><strong>,</strong></span> 
     </span>
     <span class='ocr_line' id='line_1_57' title="bbox 1745 1577 2469 1662; baseline 0.003 -20"><span class='ocrx_word' id='word_1_159' title='bbox 1745 1578 1841 1643; x_wconf 83' lang='lat' dir='ltr'><strong>tui</strong></span> <span class='ocrx_word' id='word_1_160' title='bbox 1884 1596 2038 1661; x_wconf 83' lang='lat' dir='ltr'><strong>spes</strong></span> <span class='ocrx_word' id='word_1_161' title='bbox 2071 1577 2427 1662; x_wconf 87' lang='lat' dir='ltr'><strong>juvaminis</strong></span> <span class='ocrx_word' id='word_1_162' title='bbox 2464 1638 2469 1644; x_wconf 87' lang='lat'>.</span> 
     </span>
     <span class='ocr_line' id='line_1_58' title="bbox 1831 1681 2547 1767; baseline 0 -20"><span class='ocrx_word' id='word_1_163' title='bbox 1831 1699 1952 1747; x_wconf 88' lang='lat' dir='ltr'><strong>nos</strong></span> <span class='ocrx_word' id='word_1_164' title='bbox 1996 1688 2189 1765; x_wconf 80' lang='lat' dir='ltr'><strong>regat</strong></span> <span class='ocrx_word' id='word_1_165' title='bbox 2231 1681 2547 1767; x_wconf 86' lang='lat' dir='ltr'><strong>undique,</strong></span> 
     </span>
     <span class='ocr_line' id='line_1_59' title="bbox 1744 1786 2620 1874; baseline 0.001 -21"><span class='ocrx_word' id='word_1_166' title='bbox 1744 1807 1831 1853; x_wconf 87' lang='lat' dir='ltr'><strong>ne</strong></span> <span class='ocrx_word' id='word_1_167' title='bbox 1866 1786 2177 1852; x_wconf 84' lang='lat' dir='ltr'><strong>daemonis</strong></span> <span class='ocrx_word' id='word_1_168' title='bbox 2220 1807 2365 1854; x_wconf 82' lang='lat' dir='ltr'><strong>eum</strong></span> <span class='ocrx_word' id='word_1_169' title='bbox 2406 1788 2620 1874; x_wconf 86' lang='lat' dir='ltr'><strong>impiis</strong></span> 
     </span>
     <span class='ocr_line' id='line_1_60' title="bbox 1835 1891 2490 1977; baseline 0 -20"><span class='ocrx_word' id='word_1_170' title='bbox 1835 1891 2213 1958; x_wconf 85' lang='lat' dir='ltr'><strong>damnemur</strong></span> <span class='ocrx_word' id='word_1_171' title='bbox 2253 1892 2490 1977; x_wconf 85' lang='lat' dir='ltr'><strong>inique.</strong></span> 
     </span>
    </p>
   </div>
   <div class='ocr_carea' id='block_1_19' title="bbox 1744 2082 2603 2888">
    <p class='ocr_par' dir='ltr' id='par_1_25' title="bbox 1744 2082 2603 2888">
     <span class='ocr_line' id='line_1_61' title="bbox 1744 2082 2425 2169; baseline 0.001 -20"><span class='ocrx_word' id='word_1_172' title='bbox 1744 2084 1980 2151; x_wconf 68' lang='lat' dir='ltr'><strong>Jhesus</strong></span> <span class='ocrx_word' id='word_1_173' title='bbox 2021 2101 2142 2149; x_wconf 82' lang='lat' dir='ltr'><strong>nos</strong></span> <span class='ocrx_word' id='word_1_174' title='bbox 2187 2082 2425 2169; x_wconf 82' lang='lat' dir='ltr'><strong>eripiat</strong></span> 
     </span>
     <span class='ocr_line' id='line_1_62' title="bbox 1834 2185 2603 2271; baseline 0 -20"><span class='ocrx_word' id='word_1_175' title='bbox 1834 2206 1876 2251; x_wconf 85' lang='lat' dir='ltr'><strong>a</strong></span> <span class='ocrx_word' id='word_1_176' title='bbox 1920 2192 2092 2251; x_wconf 83' lang='lat' dir='ltr'><strong>ooetu</strong></span> <span class='ocrx_word' id='word_1_177' title='bbox 2137 2185 2603 2271; x_wconf 88' lang='lat' dir='ltr'><strong>damnatorum,</strong></span> 
     </span>
     <span class='ocr_line' id='line_1_63' title="bbox 1746 2288 2479 2358; baseline -0.003 0"><span class='ocrx_word' id='word_1_178' title='bbox 1746 2288 1990 2358; x_wconf 79' lang='lat' dir='ltr'><strong>Jhesus</strong></span> <span class='ocrx_word' id='word_1_179' title='bbox 2033 2308 2154 2355; x_wconf 88' lang='lat' dir='ltr'><strong>nos</strong></span> <span class='ocrx_word' id='word_1_180' title='bbox 2199 2289 2479 2356; x_wconf 83' lang='lat' dir='ltr'><strong>edoceat</strong></span> 
     </span>
     <span class='ocr_line' id='line_1_64' title="bbox 1832 2392 2497 2477; baseline -0.002 -20"><span class='ocrx_word' id='word_1_181' title='bbox 1832 2410 2066 2476; x_wconf 89' lang='lat' dir='ltr'><strong>passus</strong></span> <span class='ocrx_word' id='word_1_182' title='bbox 2111 2392 2497 2477; x_wconf 84' lang='lat' dir='ltr'><strong>electorum,</strong></span> 
     </span>
     <span class='ocr_line' id='line_1_65' title="bbox 1745 2493 2521 2562; baseline -0.001 0"><span class='ocrx_word' id='word_1_183' title='bbox 1745 2493 1988 2562; x_wconf 87' lang='lat' dir='ltr'><strong>Jhesus</strong></span> <span class='ocrx_word' id='word_1_184' title='bbox 2032 2514 2152 2560; x_wconf 90' lang='lat' dir='ltr'><strong>nos</strong></span> <span class='ocrx_word' id='word_1_185' title='bbox 2199 2496 2521 2561; x_wconf 85' lang='lat' dir='ltr'><strong>custodiat</strong></span> 
     </span>
     <span class='ocr_line' id='line_1_66' title="bbox 1833 2597 2537 2682; baseline 0.004 -20"><span class='ocrx_word' id='word_1_186' title='bbox 1833 2598 1900 2662; x_wconf 89' lang='lat' dir='ltr'><strong>in</strong></span> <span class='ocrx_word' id='word_1_187' title='bbox 1944 2597 2075 2663; x_wconf 86' lang='lat' dir='ltr'><strong>fine</strong></span> <span class='ocrx_word' id='word_1_188' title='bbox 2120 2599 2503 2665; x_wconf 64' lang='lat' dir='ltr'><strong>saeculorum</strong></span> <span class='ocrx_word' id='word_1_189' title='bbox 2519 2645 2537 2682; x_wconf 91' lang='lat'><strong>,</strong></span> 
     </span>
     <span class='ocr_line' id='line_1_67' title="bbox 1746 2698 2580 2788; baseline 0 -20"><span class='ocrx_word' id='word_1_190' title='bbox 1746 2698 1987 2768; x_wconf 78' lang='lat' dir='ltr'><strong>Jhesus</strong></span> <span class='ocrx_word' id='word_1_191' title='bbox 2031 2719 2152 2766; x_wconf 89' lang='lat' dir='ltr'><strong>nos</strong></span> <span class='ocrx_word' id='word_1_192' title='bbox 2194 2708 2580 2788; x_wconf 83' lang='lat' dir='ltr'><strong>promoveat</strong></span> 
     </span>
     <span class='ocr_line' id='line_1_68' title="bbox 1834 2803 2526 2888; baseline 0.001 -21"><span class='ocrx_word' id='word_1_193' title='bbox 1834 2803 1901 2867; x_wconf 88' lang='lat' dir='ltr'><strong>in</strong></span> <span class='ocrx_word' id='word_1_194' title='bbox 1944 2822 2153 2888; x_wconf 80' lang='lat' dir='ltr'><strong>regno</strong></span> <span class='ocrx_word' id='word_1_195' title='bbox 2196 2804 2526 2870; x_wconf 82' lang='lat' dir='ltr'><strong>ooelorum.</strong></span> 
     </span>
    </p>
   </div>
   <div class='ocr_carea' id='block_1_20' title="bbox 1743 3007 2595 3802">
    <p class='ocr_par' dir='ltr' id='par_1_26' title="bbox 1744 3007 2548 3196">
     <span class='ocr_line' id='line_1_69' title="bbox 1744 3007 2548 3091; baseline -0.005 -15"><span class='ocrx_word' id='word_1_196' title='bbox 1744 3008 1950 3076; x_wconf 76' lang='lat' dir='ltr'><strong>Mater</strong></span> <span class='ocrx_word' id='word_1_197' title='bbox 1992 3007 2099 3071; x_wconf 84' lang='lat' dir='ltr'><strong>dei</strong></span> <span class='ocrx_word' id='word_1_198' title='bbox 2143 3014 2211 3071; x_wconf 88' lang='lat' dir='ltr'><strong>et</strong></span> <span class='ocrx_word' id='word_1_199' title='bbox 2252 3007 2548 3091; x_wconf 87' lang='lat' dir='ltr'><strong>hominis,</strong></span> 
     </span>
     <span class='ocr_line' id='line_1_70' title="bbox 1833 3111 2416 3196; baseline -0.002 -20"><span class='ocrx_word' id='word_1_200' title='bbox 1833 3130 2046 3196; x_wconf 83' lang='lat' dir='ltr'><strong>eapax</strong></span> <span class='ocrx_word' id='word_1_201' title='bbox 2088 3111 2416 3193; x_wconf 80' lang='lat' dir='ltr'><strong>trinitatiS,</strong></span> 
     </span>
    </p>

    <p class='ocr_par' dir='ltr' id='par_1_27' title="bbox 1745 3217 2595 3404">
     <span class='ocr_line' id='line_1_71' title="bbox 1745 3217 2595 3302; baseline -0.001 -20"><span class='ocrx_word' id='word_1_202' title='bbox 1745 3224 1953 3282; x_wconf 89' lang='lat' dir='ltr'><strong>mater</strong></span> <span class='ocrx_word' id='word_1_203' title='bbox 1997 3235 2236 3301; x_wconf 86' lang='lat' dir='ltr'><strong>expers</strong></span> <span class='ocrx_word' id='word_1_204' title='bbox 2281 3217 2595 3302; x_wconf 83' lang='lat' dir='ltr'><strong>criminis,</strong></span> 
     </span>
     <span class='ocr_line' id='line_1_72' title="bbox 1832 3321 2497 3404; baseline 0.003 -20"><span class='ocrx_word' id='word_1_205' title='bbox 1832 3337 2063 3385; x_wconf 89' lang='lat' dir='ltr'><strong>norma</strong></span> <span class='ocrx_word' id='word_1_206' title='bbox 2107 3321 2497 3404; x_wconf 86' lang='lat' dir='ltr'><strong>sanctitatis,</strong></span> 
     </span>
    </p>

    <p class='ocr_par' dir='ltr' id='par_1_28' title="bbox 1744 3424 2476 3612">
     <span class='ocr_line' id='line_1_73' title="bbox 1744 3424 2472 3508; baseline -0.003 -18"><span class='ocrx_word' id='word_1_207' title='bbox 1744 3431 1955 3490; x_wconf 85' lang='lat' dir='ltr'><strong>mater</strong></span> <span class='ocrx_word' id='word_1_208' title='bbox 1997 3424 2141 3488; x_wconf 90' lang='lat' dir='ltr'><strong>veri</strong></span> <span class='ocrx_word' id='word_1_209' title='bbox 2182 3424 2436 3489; x_wconf 86' lang='lat' dir='ltr'><strong>luminis</strong></span> <span class='ocrx_word' id='word_1_210' title='bbox 2452 3472 2472 3508; x_wconf 92' lang='lat'><strong>,</strong></span> 
     </span>
     <span class='ocr_line' id='line_1_74' title="bbox 1831 3527 2476 3612; baseline 0.002 -21"><span class='ocrx_word' id='word_1_211' title='bbox 1831 3527 1981 3592; x_wconf 89' lang='lat' dir='ltr'><strong>fons</strong></span> <span class='ocrx_word' id='word_1_212' title='bbox 2026 3546 2098 3592; x_wconf 92' lang='lat' dir='ltr'><strong>es</strong></span> <span class='ocrx_word' id='word_1_213' title='bbox 2143 3529 2476 3612; x_wconf 85' lang='lat' dir='ltr'><strong>puritatis,</strong></span> 
     </span>
    </p>

    <p class='ocr_par' dir='ltr' id='par_1_29' title="bbox 1743 3630 2517 3802">
     <span class='ocr_line' id='line_1_75' title="bbox 1743 3630 2517 3717; baseline -0.003 -18"><span class='ocrx_word' id='word_1_214' title='bbox 1743 3632 1852 3699; x_wconf 85' lang='lat' dir='ltr'><strong>fao</strong></span> <span class='ocrx_word' id='word_1_215' title='bbox 1893 3651 1998 3697; x_wconf 89' lang='lat' dir='ltr'><strong>me</strong></span> <span class='ocrx_word' id='word_1_216' title='bbox 2042 3630 2229 3716; x_wconf 77' lang='lat' dir='ltr'><strong>sequ&#39;i</strong></span> <span class='ocrx_word' id='word_1_217' title='bbox 2262 3632 2517 3717; x_wconf 81' lang='lat' dir='ltr'><strong>jugiter</strong></span> 
     </span>
     <span class='ocr_line' id='line_1_76' title="bbox 1830 3736 2361 3802; baseline -0.002 -1"><span class='ocrx_word' id='word_1_218' title='bbox 1830 3736 2005 3802; x_wconf 85' lang='lat' dir='ltr'><strong>viam</strong></span> <span class='ocrx_word' id='word_1_219' title='bbox 2047 3737 2361 3801; x_wconf 76' lang='lat' dir='ltr'><strong>veritatis,</strong></span> 
     </span>
    </p>
   </div>
   <div class='ocr_carea' id='block_1_21' title="bbox 1746 3941 2568 4770">
    <p class='ocr_par' dir='ltr' id='par_1_30' title="bbox 1746 3941 2568 4770">
     <span class='ocr_line' id='line_1_77' title="bbox 1747 3941 2480 4028; baseline -0.007 -15"><span class='ocrx_word' id='word_1_220' title='bbox 1747 3945 1869 4013; x_wconf 69' lang='lat' dir='ltr'><strong>Dea·</strong></span> <span class='ocrx_word' id='word_1_221' title='bbox 1909 3961 2153 4028; x_wconf 81' lang='lat' dir='ltr'><strong>sponsa</strong></span> <span class='ocrx_word' id='word_1_222' title='bbox 2195 3941 2446 4028; x_wconf 82' lang='lat' dir='ltr'><strong>fulgida</strong></span> <span class='ocrx_word' id='word_1_223' title='bbox 2460 3989 2480 4026; x_wconf 90' lang='lat'>‚</span> 
     </span>
     <span class='ocr_line' id='line_1_78' title="bbox 1833 4046 2568 4130; baseline -0.003 -17"><span class='ocrx_word' id='word_1_224' title='bbox 1833 4046 2106 4114; x_wconf 75' lang='lat' dir='ltr'><strong>candela</strong></span> <span class='ocrx_word' id='word_1_225' title='bbox 2148 4046 2312 4111; x_wconf 85' lang='lat' dir='ltr'><strong>lueis</strong></span> <span class='ocrx_word' id='word_1_226' title='bbox 2356 4064 2568 4130; x_wconf 82' lang='lat' dir='ltr'><strong>verae,</strong></span> 
     </span>
     <span class='ocr_line' id='line_1_79' title="bbox 1746 4150 2314 4218; baseline -0.007 0"><span class='ocrx_word' id='word_1_227' title='bbox 1746 4150 1855 4218; x_wconf 87' lang='lat' dir='ltr'><strong>dei</strong></span> <span class='ocrx_word' id='word_1_228' title='bbox 1901 4152 2072 4216; x_wconf 87' lang='lat' dir='ltr'><strong>stol&#39;a</strong></span> <span class='ocrx_word' id='word_1_229' title='bbox 2106 4150 2314 4215; x_wconf 87' lang='lat' dir='ltr'><strong>nitida</strong></span> 
     </span>
     <span class='ocr_line' id='line_1_80' title="bbox 1835 4254 2421 4336; baseline -0.005 -16"><span class='ocrx_word' id='word_1_230' title='bbox 1835 4254 2038 4320; x_wconf 86' lang='lat' dir='ltr'><strong>nostri</strong></span> <span class='ocrx_word' id='word_1_231' title='bbox 2082 4254 2421 4336; x_wconf 88' lang='lat' dir='ltr'><strong>miserere,</strong></span> 
     </span>
     <span class='ocr_line' id='line_1_81' title="bbox 1748 4354 2491 4442; baseline -0.003 -19"><span class='ocrx_word' id='word_1_232' title='bbox 1748 4354 1858 4423; x_wconf 88' lang='lat' dir='ltr'><strong>dei</strong></span> <span class='ocrx_word' id='word_1_233' title='bbox 1897 4364 2106 4423; x_wconf 85' lang='lat' dir='ltr'><strong>mater</strong></span> <span class='ocrx_word' id='word_1_234' title='bbox 2147 4355 2491 4442; x_wconf 86' lang='lat' dir='ltr'><strong>splendida</strong></span> 
     </span>
     <span class='ocr_line' id='line_1_82' title="bbox 1833 4469 2521 4548; baseline 0.001 -21"><span class='ocrx_word' id='word_1_235' title='bbox 1833 4481 2093 4547; x_wconf 87' lang='lat' dir='ltr'><strong>semper</strong></span> <span class='ocrx_word' id='word_1_236' title='bbox 2136 4480 2257 4527; x_wconf 89' lang='lat' dir='ltr'><strong>nos</strong></span> <span class='ocrx_word' id='word_1_237' title='bbox 2300 4469 2521 4548; x_wconf 86' lang='lat' dir='ltr'><strong>tuere,</strong></span> 
     </span>
     <span class='ocr_line' id='line_1_83' title="bbox 1746 4569 2327 4638; baseline -0.005 0"><span class='ocrx_word' id='word_1_238' title='bbox 1746 4578 1822 4638; x_wconf 84' lang='lat' dir='ltr'><strong>ut</strong></span> <span class='ocrx_word' id='word_1_239' title='bbox 1860 4569 1928 4635; x_wconf 91' lang='lat' dir='ltr'><strong>in</strong></span> <span class='ocrx_word' id='word_1_240' title='bbox 1969 4588 2116 4635; x_wconf 88' lang='lat' dir='ltr'><strong>meo</strong></span> <span class='ocrx_word' id='word_1_241' title='bbox 2151 4570 2327 4637; x_wconf 85' lang='lat' dir='ltr'><strong>obitu</strong></span> 
     </span>
     <span class='ocr_line' id='line_1_84' title="bbox 1834 4673 2482 4770; baseline -0.003 -28"><span class='ocrx_word' id='word_1_242' title='bbox 1834 4674 2081 4760; x_wconf 81' lang='lat' dir='ltr'><strong>possim</strong></span> <span class='ocrx_word' id='word_1_243' title='bbox 2122 4680 2198 4770; x_wconf 24' lang='lat' dir='ltr'><strong>te,</strong></span> <span class='ocrx_word' id='word_1_244' title='bbox 2232 4673 2482 4741; x_wconf 81' lang='lat' dir='ltr'><strong>videre.</strong></span> 
     </span>
    </p>
   </div>
   <div class='ocr_carea' id='block_1_22' title="bbox 2922 759 3010 824">
    <p class='ocr_par' dir='ltr' id='par_1_31' title="bbox 2922 759 3010 824">
     <span class='ocr_line' id='line_1_85' title="bbox 2922 759 3010 824; baseline 0.023 -2"><span class='ocrx_word' id='word_1_245' title='bbox 2922 759 3010 824; x_wconf 85' lang='lat'><strong>10</strong></span> 
     </span>
    </p>
   </div>
   <div class='ocr_carea' id='block_1_23' title="bbox 2920 1372 3007 1435">
    <p class='ocr_par' dir='ltr' id='par_1_32' title="bbox 2920 1372 3007 1435">
     <span class='ocr_line' id='line_1_86' title="bbox 2920 1372 3007 1435; baseline -0.011 0"><span class='ocrx_word' id='word_1_246' title='bbox 2920 1372 3007 1435; x_wconf 85' lang='lat'><strong>15</strong></span> 
     </span>
    </p>
   </div>
   <div class='ocr_carea' id='block_1_24' title="bbox 2917 1894 3007 1959">
    <p class='ocr_par' dir='ltr' id='par_1_33' title="bbox 2917 1894 3007 1959">
     <span class='ocr_line' id='line_1_87' title="bbox 2917 1894 3007 1959; baseline 0.011 -1"><span class='ocrx_word' id='word_1_247' title='bbox 2917 1894 3007 1959; x_wconf 85' lang='lat'><strong>20</strong></span> 
     </span>
    </p>
   </div>
   <div class='ocr_carea' id='block_1_25' title="bbox 2897 2469 3007 2563">
    <p class='ocr_par' dir='ltr' id='par_1_34' title="bbox 2897 2469 3007 2563">
     <span class='ocr_line' id='line_1_88' title="bbox 2897 2469 3007 2563; baseline 0.009 -1"><span class='ocrx_word' id='word_1_248' title='bbox 2897 2469 3007 2563; x_wconf 67' lang='lat'><strong>‘25</strong></span> 
     </span>
    </p>
   </div>
   <div class='ocr_carea' id='block_1_26' title="bbox 2924 3115 3013 3181">
    <p class='ocr_par' dir='ltr' id='par_1_35' title="bbox 2924 3115 3013 3181">
     <span class='ocr_line' id='line_1_89' title="bbox 2924 3115 3013 3181; baseline 0.022 -2"><span class='ocrx_word' id='word_1_249' title='bbox 2924 3115 3013 3181; x_wconf 84' lang='lat'><strong>30</strong></span> 
     </span>
    </p>
   </div>
   <div class='ocr_carea' id='block_1_27' title="bbox 3159 511 3163 1243">
    <p class='ocr_par' dir='ltr' id='par_1_36' title="bbox 3159 511 3163 1243">
     <span class='ocr_line' id='line_1_90' title="bbox 3159 511 3163 1243; baseline 0 0"><span class='ocrx_word' id='word_1_250' title='bbox 3159 511 3163 1243; x_wconf 95' lang='lat' dir='ltr'><strong> </strong></span> 
     </span>
    </p>
   </div>
  </div>
 </body>
</html>
