3167 5242
181 489 283 557 Tu
325 503 588 555 oausam
631 508 838 554 meam
883 489 1146 572 suscipe

183 601 252 660 et
295 593 558 677 dignum
600 594 810 679 poenis
853 595 1075 678 eripe3

181 717 285 762 me
329 695 538 781 turpis
582 697 890 780 cogitatio
906 742 924 778 ‚

87 827 104 834 2
179 820 288 870 me
331 800 645 885 pestilens
690 798 962 876 locutio,

183 993 298 1061 Me
343 992 535 1076 eulpa
578 991 887 1075 dampnat
930 996 1188 1056 actuum

175 1104 257 1164 et
296 1096 594 1179 nequitas
631 1112 1088 1176 consensuum3

187 1218 392 1268 exora
434 1215 557 1284 pro
601 1218 701 1262 me
747 1196 1010 1279 filium,-

186 1310 258 1370 ut
299 1304 456 1368 mihi
499 1301 610 1367 det
653 1300 1022 1370 remedium.

185 1493 290 1562 Ex
335 1512 530 1558 carne
576 1499 686 1557 tua
733 1489 990 1574 genitus

185 1599 435 1666 favebit
479 1596 603 1661 tuis
647 1595 952 1680 precibus

185 1712 255 1769 et
297 1702 486 1768 matri
505 1748 523 1784 ,
569 1709 721 1783 quae'
762 1717 834 1763 se
880 1695 1167 1782 peperit,

187 1825 437 1889 negare
479 1803 677 1870 nichil
719 1803 979 1887 poterit.
1067 1837 1076 1846 -

186 1996 316 2064 Per
362 1995 508 2079 ejus
554 1993 922 2059 natalicium

182 2098 515 2184 ipsiusque
552 2095 903 2180 jejunium,

177 2221 308 2286 per
352 2218 625 2284 asperas
668 2198 969 2282 injurias,

183 2312 410 2389 sputa,
454 2301 747 2386 flagella,
794 2302 1054 2384 alapas,

151 2489 348 2570 ‘Quas
393 2496 628 2575 sponte
672 2508 791 2554 sua
833 2486 1098 2573 pertulit
1116 2533 1134 2570 ,

180 2614 330 2663 eum
372 2613 446 2659 se
484 2611 608 2678 pro
651 2593 839 2659 nobis
884 2591 1146 2671 obtulit3

177 2718 307 2785 per
352 2696 756 2782 chlamydem
801 2696 1173 2761 coccineam
1241 2685 1244 2688 ’

183 2810 258 2868 et
298 2813 420 2886 per
464 2818 772 2866 coronam
813 2800 1141 2884 spineam,

178 2988 316 3057 Per
361 2988 586 3053 elavos
633 2994 701 3051 et
740 2987 1097 3071 patibulum

131 3095 140 3112 ⁸
179 3112 309 3177 per
353 3093 704 3173 mortisque
751 3090 1161 3174 supplicium,

180 3215 310 3282 per
351 3204 722 3281 aperturam
766 3188 990 3259 lateris
1008 3242 1026 3277 ,

180 3318 309 3384 per
351 3301 529 3365 rivos
579 3299 749 3365 sacri
793 3299 1157 3383 sanguinis3

1348 595 1432 658 50

1347 1195 1429 1257 55

1349 1795 1432 1858 60

1348 2486 1431 2548 65

1345 3091 1429 3154 70

1534 483 1664 550 Per
1708 493 2114 551 sacramenta
2159 485 2344 571 fidei,

1537 607 1683 672 quae
1728 588 1926 655 eorde
1972 589 2246 655 eredens
2292 588 2517 676 didici,

1533 714 1665 778 per.
1701 712 1952 760 sacram
1993 694 2448 767 eucharistiam

1537 805 1605 863 et
1646 819 1769 884 per
1812 800 2114 884 baptismi
2156 801 2431 883 gratiam
2446 848 2464 885 ,

1533 1059 1819 1147 Imploro
1862 1070 1955 1145 te,
2000 1064 2316 1148 piissima,

1533 1182 1658 1249 pro
1702 1165 2106 1248 impetranda
2150 1168 2370 1251 venia,

1535 1275 1607 1334 ut
1648 1268 1841 1335 miehi
1887 1267 2127 1334 Christi
2171 1273 2392 1355 passio

1537 1373 1871 1458 culparum
1916 1374 1999 1437 sit
2039 1375 2363 1459 remissio,

1534 1629 1622 1697 Et
1665 1631 1809 1716 ejus
1853 1634 2243 1700 resurrectio

1535 1734 1848 1800 malorum
1895 1735 2224 1802 diminutio
2244 1786 2262 1820 ,

1539 1836 1960 1920 ejusdemque
2006 1840 2305 1904 ascensio

1537 1942 1842 2006 virtutum
1885 1946 2351 2026 augmentatio,

1535 2195 1969 2279 Paraolitique
2014 2199 2232 2263 missio

1536 2300 1604 2363 in
1647 2301 1820 2365 bono
1865 2300 2298 2387 confirmatio,

1538 2409 1653 2467 tua
1693 2401 1944 2468 demum
1990 2393 2341 2490 assumptio

1537 2506 1623 2571 sit
1665 2506 1899 2589 gloriae
1943 2507 2204 2575 collatio
2218 2557 2236 2593 ,

1539 2629 1619 2677 ae
1662 2630 1955 2695 praesens
1998 2614 2325 2682 invocatio

1536 2735 1778 2800 perpes
1820 2717 2213 2801 propitiatio.

1535 2982 1713 3048 Laus
1759 2987 2026 3051 trinitati
2071 2988 2288 3053 debita
2306 3038 2324 3072 ,

1536 3084 1777 3170 honor,
1820 3097 2147 3173 potestas,
2192 3092 2407 3174 gloria

1535 3193 1910 3276 perenniter
1953 3194 2039 3258 sit
2083 3195 2295 3259 omnia

1534 3294 1602 3358 in
1647 3297 2032 3361 saeculorum
2077 3296 2337 3361 saeoula.

2692 699 2777 761 '15

2693 1379 2778 1443 80

2696 2206 2782 2271 85

2698 2722 2782 2788 90

362 3483 459 3540 Hs.
506 3502 574 3541 zu
611 3483 822 3553 mainz,
873 3486 1018 3556 Aug.
1069 3482 1173 3540 No.
1208 3481 1344 3539 439.
1385 3475 1474 3538 Bl.
1507 3483 1578 3538 28
1628 3482 1726 3537 des
1779 3484 1846 3536 15
1881 3482 2075 3539 Jahrb.
2154 3483 2267 3540 Das
2296 3484 2445 3568 ‘Lied
2491 3485 2570 3543 ist
2616 3486 2781 3545 iiber-

183 3571 516 3628 schrieben:
555 3570 750 3630 Oratio
788 3571 1048 3626 riehmice
1086 3570 1239 3625 edita
1273 3569 1346 3624 ad
1380 3570 1524 3643 virg.
1559 3574 1665 3626 ete.
1734 3568 1848 3625 Der
1884 3570 2134 3628 Beisatz:
2174 3569 2305 3630 ante
2336 3574 2777 3652 ,communionem

182 3665 352 3735 passt
386 3659 542 3715 nieht
573 3676 643 3714 zu
680 3658 803 3714 dem
837 3658 1047 3728 Inhalt,
1085 3657 1373 3713 vielleicht
1410 3657 1487 3713 ist
1518 3675 1580 3714 es
1617 3655 2040 3718 Sebreibfebler
2077 3666 2219 3718 statt
2249 3658 2674 3722 confessionem.

365 3786 401 3837 ’1
435 3782 676 3839 mimium
709 3782 829 3854 Hs„
891 3782 1113 3838 nimium
1147 3787 1311 3855 passt
1341 3781 1496 3837 nieht
1529 3799 1601 3837 zu
1633 3796 1736 3836 me.
1821 3783 1894 3837 50
1927 3783 2397 3842 wahrseheinlieh
2431 3781 2622 3843 feblen
2655 3785 2781 3842 bier

181 3833 222 3932 2?
256 3874 435 3932 verso
452 3915 470 3945 ,
524 3873 613 3930 die
649 3874 746 3930 ιιι.
781 3873 886 3929 hat
918 3873 1059 3930 abor
1089 3873 1254 3929 koino
1287 3871 1491 3929 nacke.

367 4003 437 4060 V.
476 4007 559 4060 11.
595 4007 678 4062 12.
732 4001 1142 4082 διασπαράσσει
1196 4000 1294 4075 τὴν
1346 3998 1597 4076 ταπεινήν
1651 4021 1761 4074 μου
1816 4001 2004 4075 ψυχὴν
2052 3998 2083 4059 ὁ
2139 3999 2268 4074 ὄφις
2312 4001 2345 4058 ὁ
2400 3999 2780 4080 παμπόνηρος.

181 4090 350 4152 Hart-
388 4093 474 4148 19.

366 4180 435 4235 V.
473 4181 557 4235 53.
614 4176 794 4250 πάσης
828 4183 1195 4255 κατακρίσεως
1231 4173 1386 4247 ἄξιος
1419 4180 1654 4250 πέφυκα.
1707 4178 1961 4234 Paraclet.
1992 4179 2078 4234 49.

364 4266 430 4321 V.
467 4268 552 4322 69.
607 4265 932 4338 patibulum.
996 4267 1132 4334 Quis
1177 4270 1293 4322 tam
1327 4262 1599 4321 facundus
1646 4271 1705 4320 et
1739 4269 1899 4320 tanta
1944 4280 2130 4321 rerum
2164 4265 2575 4337 verborumque
2611 4266 2777 4338 copia

184 4357 500 4411 instructus
535 4353 765 4424 existet,
829 4371 954 4426 quse
1002 4353 1188 4409 oratio
1244 4357 1420 4411 tantm
1459 4348 1777 4408 adfluentia
1829 4351 2088 4409 ubertate
2141 4353 2470 4426 decurrens,
2521 4360 2586 4411 ut
2621 4354 2778 4413 illam

186 4456 414 4497 crucem
458 4442 660 4498 merito
710 4440 993 4512 deploret,
1048 4457 1213 4514 quam
1259 4441 1493 4530 mundus
1539 4441 1664 4512 ipse
1697 4445 1756 4496 et
1789 4440 1975 4496 mundi
2011 4446 2135 4496 tota
2169 4441 2446 4498 elementa
2479 4443 2779 4500 luxerunt?

184 4530 818 4600 Lactantdiv.inst.4‚
856 4530 939 4585 18.

133 4657 146 4665 ,
360 4617 425 4674 V.
461 4621 549 4673 76.
600 4617 781 4674 Daffir
831 4619 983 4674 steht
1032 4617 1107 4674 im
1159 4618 1326 4674 Priod.
1373 4617 1453 4689 X,
1490 4618 1542 4673 6.
1621 4615 1653 4674 ὁ
1691 4614 1927 4693 σταυρὸς
1963 4615 2105 4692 πηγὴ
2141 4615 2450 4689 φωτισμοῦ,
2512 4621 2658 4677 deun
2691 4621 2781 4678 die

183 4706 574 4779 Brleuehtuug
607 4706 686 4764 ist
718 4706 809 4762 (lie
843 4703 1038 4762 Taufe.
1088 4705 1194 4763 No.
1230 4706 1317 4778 56,
1354 4709 1401 4761 1.

279 4826 450 4887 Hm,
478 4824 649 4875 metm
679 4825 925 4883 Hymen.
953 4825 1019 4874 11.

2271 4801 2358 4868 24
