3167 5242
141 468 302 533 quae
341 446 534 515 delet
567 444 731 515 Evae
766 447 1113 533 maculam,

141 553 315 620 vitae
362 551 652 618 redonat
694 551 978 619 infulam.
1344 549 1426 614 1⁰

142 743 221 810 A.
287 739 425 806 Cui
468 738 616 805 Eva
662 737 980 822 obedivit,

285 844 449 908 haec
499 842 826 927 serpentis
871 849 1069 927 caput
1111 841 1317 924 trivit,

276 945 534 1032 jugum
578 962 894 1029 spernens
937 943 1335 1028 nuptiarum,

286 1049 428 1114 deo
477 1049 663 1114 vovit
707 1048 1094 1114 coelibatum.

148 1245 226 1310 Δ.
283 1239 362 1309 A
402 1238 749 1325 prophetis
794 1236 1202 1322 praecinitur,
1343 1235 1424 1299 15

289 1354 364 1413 et
411 1345 648 1429 figuris
695 1341 1084 1422 ostenditur,

288 1445 482 1532 quod
525 1447 757 1513 mulier
798 1441 1222 1529 procederet,

290 1572 451 1637 quae
497 1550 687 1615 deum
732 1549 925 1631 virgo
968 1549 1251 1630 pareret.

150 1745 229 1811 Δ.
287 1741 594 1824 Namque
638 1742 839 1806 rubus
881 1738 1352 1818 incombustus,

385 1846 674 1929 Moysen
720 1842 830 1926 qui
871 1841 1129 1924 terruit,
1339 1837 1426 1902 20

292 1950 452 2015 haec
495 1955 598 2012 est
642 1948 865 2028 virgo,
913 1964 1060 2027 quae
1102 1940 1355 2027 pudore

390 2053 583 2117 salvo
628 2050 821 2113 deum
863 2047 1105 2129 genuit.

153 2246 233 2311 A.
293 2240 518 2323 Virga
558 2236 791 2305 Aaron
835 2233 1176 2301 fructifera

289 2349 536 2418 Mariae
581 2355 810 2431 typum
853 2347 1190 2427 gesserat,

296 2472 453 2538 quse
497 2451 687 2516 nobis
732 2448 1008 2513 fructum
1056 2442 1284 2524 attulit,
1338 2442 1422 2505 25

292 2556 540 2621 famem
584 2551 696 2635 qui
738 2556 1029 2614 nostram
1072 2542 1336 2628 depulit.

160 2749 236 2815 Α.
293 2746 537 2814 Esaias
582 2746 693 2809 ille
738 2744 927 2808 divus
943 2790 961 2826 ,

297 2855 704 2913 secretorum
753 2844 861 2910 dei
903 2845 1112 2921 rivus,

293 2954 515 3036 virgae
558 2969 828 3014 movens
877 2946 1265 3011 mentionem

296 3054 534 3143 pandit
577 3052 750 3117 hanc
788 3049 1293 3133 conceptionem.
1341 3046 1426 3112 30

558 3258 1045 3342 responsorium.

173 3416 417 3504 Fulget
464 3418 603 3483 dies
647 3398 983 3497 hodierna,

170 3521 372 3605 digna
416 3519 614 3587 laude
659 3512 1081 3603 sempiterna,

177 3644 302 3707 qua
346 3632 672 3708 concepta
716 3631 817 3688 est
859 3621 1102 3702 Maria,

176 3747 296 3812 per
342 3749 539 3814 quam
582 3735 766 3815 patet
810 3726 965 3791 vitae
1008 3725 1163 3790 vita.

679 3932 917 3983 ver-3118.

183 4063 483 4135 Germine
529 4068 742 4152 regali
1344 4060 1428 4126 35

179 4187 301 4237 nec
341 4191 474 4239 non
520 4180 587 4237 et
628 4169 1003 4257 pontificali.
1066 4167 1206 4248 Qua
1241 4182 1424 4233 conc.

186 4331 364 4419 Hesp.
426 4332 723 4404 Abrahae
765 4333 970 4417 stirpe
1014 4347 1340 4415 generosa

303 4441 498 4524 virgo
541 4440 765 4524 prodit
803 4438 1130 4523 gloriosa,

312 4563 460 4628 quae
504 4544 741 4610 nullius
784 4564 906 4628 per
951 4541 1317 4627 exemplum

309 4665 383 4714 se
427 4649 714 4715 sacravit
758 4646 883 4714 deo
928 4647 1253 4734 templum.
1341 4645 1429 4713 40

1543 446 1712 514 γει-ε.
1755 444 1920 513 Haec
1964 448 2392 537 ammiranda,

1662 550 1908 616 cunctis
1969 549 2115 617 haec
2175 560 2280 618 est
2339 553 2669 623 imitanda.

2174 653 2335 734 Quae
2362 658 2517 724 null.

1527 842 1602 908 R.
1663 838 1848 909 Sicut
1890 860 2045 908 rosa
2089 843 2260 909 inter
2299 846 2523 930 spinas

1747 944 1874 1008 illis
1919 943 2100 1011 addit
2146 948 2464 1032 speciem,

1660 1047 1758 1114 sic
1800 1056 2102 1115 venustat
2145 1070 2266 1116 sua
2309 1052 2504 1136 virgo
2697 1053 2783 1119 45

1740 1152 1955 1218 Maria
1998 1155 2381 1238 progeniem
2396 1202 2414 1239 ,

1663 1256 2053 1339 germinavit
2096 1258 2266 1321 enim
2302 1257 2529 1323 florem
2543 1303 2562 1341 ,

1660 1364 1774 1447 qui
1814 1364 2080 1429 vitalem
2125 1363 2239 1430 dat
2282 1364 2569 1431 odorem.

1541 1551 1605 1619 V.
1665 1549 1869 1636 Cujus
1909 1560 2283 1619 cunctorum

1660 1654 1804 1719 laus
1874 1654 2191 1739 promitur
2266 1672 2383 1720 ore
2455 1655 2727 1738 piorum.

2296 1755 2508 1822 Germ.
2699 1757 2783 1822 50

1791 1857 2015 1923 Gloria
2057 1858 2233 1942 patri
2277 1866 2400 1923 etc.

1529 2050 1605 2115 R.
1654 2048 1866 2131 Virga
1908 2048 2102 2115 Jesse
2148 2049 2232 2114 de
2278 2049 2502 2116 radice

1747 2168 1956 2233 genus
2001 2151 2183 2215 duxit
2225 2153 2534 2235 inclytum
2552 2200 2571 2236 ,

1661 2252 1945 2317 oraculis
1989 2253 2458 2337 prophetarum

1751 2350 1925 2433 quod
1969 2352 2183 2415 suerat
2224 2351 2582 2435 proditum,

1659 2454 1812 2519 inde
1857 2454 2113 2537 virgam
2158 2473 2572 2538 egressuram
2699 2455 2784 2520 55

1660 2564 1914 2649 prolem
1960 2563 2287 2630 Christum
2330 2564 2708 2649 parituram.

1539 2751 1605 2819 V.
1666 2750 1852 2819 Voce
1896 2752 2265 2837 prophetiae

1661 2858 1957 2940 signatur
2003 2858 2191 2940 origo
2234 2856 2482 2923 Mariae.
2544 2854 2726 2922 Inde.

1746 2961 1970 3025 Gloria
2013 2959 2187 3043 patri
2231 2967 2355 3024 etc.

1578 3178 1941 3260 antiphona.
1997 3180 2067 3242 in
2106 3179 2378 3243 secundo
2418 3182 2741 3246 nocturno.

1661 3337 1956 3406 Abrahae
2000 3338 2076 3405 fit
2117 3339 2493 3425 promissio,

1663 3444 1836 3526 quod
1879 3445 2049 3511 illius
2095 3444 2425 3510 successio
2701 3444 2786 3511 60

1660 3549 1844 3613 velut
1887 3569 2088 3614 arena
2133 3556 2494 3633 cresceret,

1661 3650 1868 3714 stellis
1912 3650 2184 3733 aequalis
2229 3649 2434 3715 fieret.

1529 3840 1604 3907 A.
1659 3837 1804 3906 Hoc
1844 3839 2229 3924 promissum
2274 3846 2375 3904 est
2416 3839 2751 3923 impletum

1665 3950 1866 4010 oastae
1907 3963 2030 4028 per
2073 3944 2305 4009 Mariae
2348 3945 2591 4026 foetum‚

1664 4066 1810 4130 quae
1829 4046 2159 4130 gignendo
2180 4068 2451 4131 granum
2471 4048 2660 4133 sevit,
2699 4049 2785 4112 65

1663 4148 1747 4215 de
1792 4169 1921 4234 quo
1966 4170 2161 4235 seges
2206 4158 2388 4219 tanta
2431 4153 2659 4219 crevit.

1529 4333 1605 4401 A.
1663 4330 1876 4399 Vinea
1918 4332 2242 4417 quondam
2286 4333 2526 4399 sterilis
2545 4377 2564 4415 ,

1664 4434 1791 4501 deo
1838 4436 2088 4502 cultore
2131 4437 2396 4520 fertilis,

1666 4539 1867 4603 vitem
1910 4536 2252 4604 fecundam
2293 4537 2607 4623 pullulat,

1664 4642 2038 4711 fundentem
2080 4643 2326 4712 cunctis
2369 4644 2626 4730 pocula.
2698 4644 2786 4711 ’10
