3167 5242
355 254 499 325 ‘1oe

362 445 431 511 in
474 443 622 511 luce
667 451 734 509 te
778 443 1058 510 collocat

453 548 694 614 Jhesus
737 547 945 633 ipsam
988 565 1240 634 seeum,

363 652 478 719 lux
523 653 750 718 eadem
793 654 1011 722 luceat

430 757 634 844 mihi,
676 759 791 847 qui
831 779 973 826 sum
1016 764 1249 828 caecus.

364 941 736 1012 Mulier-ibus
775 940 902 1025 piis

449 1053 523 1112 tu
566 1062 652 1109 es*
683 1043 1108 1128 gubernatrix
1122 1089 1141 1125 ‚

363 1150 737 1234 mulieribus
780 1149 911 1213 reis

452 1261 524 1319 tu
567 1252 934 1318 auxiliatrix
951 1300 971 1335 ‚

365 1357 738 1427 mulieribus
783 1357 1031 1423 cunetis

451 1469 525 1528 tu
561 1481 635 1526 es
680 1462 1110 1545 sublevatrix3

369 1573 440 1632 tu
483 1571 695 1647 tanta,
739 1570 868 1629 tam
912 1564 1148 1629 nobilis

452 1670 543 1733 sis
588 1667 744 1732 mihi
785 1667 1122 1733 salvatrix.

366 1849 448 1915 Et
488 1854 559 1913 tu
601 1848 797 1931 virgo
816 1894 835 1931 ,
880 1854 1124 1930 quanta
1167 1845 1290 1931 sis,

454 1970 585 2017 non
627 1958 847 2035 potest
884 1949 1200 2033 enarrari,

366 2059 436 2119 et
479 2040 785 2136 quantum
826 2053 1013 2118 vales
1058 2050 1342 2138 miseris,

454 2158 598 2240 quis
639 2164 860 2241 potest
900 2152 1251 2222 meditari?

365 2267 435 2327 et
475 2260 626 2327 ideo
671 2281 814 2345 prae
859 2262 1097 2327 ceteris

452 2366 607 2431 volo
651 2372 717 2429 te
760 2365 1051 2449 precari,

365 2489 449 2534 ne
493 2469 668 2533 sinas
712 2486 815 2530 me
861 2459 1171 2530 daemouis

453 2568 608 2634 dolo
655 2565 1047 2632 defraudari.

367 2751 742 2817 Benedictus
785 2747 1112 2831 dominus,

263 2858 266 2861 ’
457 2852 566 2936 qui
608 2851 724 2917 tali
767 2850 1086 2932 obedivit,

367 2953 751 3022 benedictus
795 2953 997 3036 filius,

455 3056 565 3140 qui
608 3054 692 3120 de
735 3063 803 3120 te
848 3056 1081 3137 exivit,

366 3158 747 3228 benedictus
793 3159 1086 3244 spiritus,

453 3263 564 3346 qui
607 3263 832 3329 ambos
876 3261 1108 3345 univit,

365 3368 478 3433 ille
523 3386 625 3432 me
670 3366 955 3449 reficiat,

456 3471 566 3553 qui
608 3478 674 3534 te
698 3470 815 3535 sio
855 3469 1140 3535 munivit.

368 3651 634 3719 Fructus
674 3649 938 3714 fervens
979 3648 1199 3716 floruit

457 3752 541 3818 de
585 3762 652 3817 te
697 3772 841 3819 oum
877 3752 1173 3838 duloore,

367 3859 615 3926 fruetus
660 3858 916 3941 fulgens
959 3859 1119 3924 exiit

456 3965 541 4032 de
583 3972 651 4031 te
696 3983 837 4029 oum
882 3963 1141 4049 deeore,

365 4069 615 4135 fruetus
649 4069 912 4152 fulgens
954 4068 1200 4153 prodiit

453 4174 745 4258 repletus
791 4172 1027 4254 odore;

365 4277 476 4344 ille
520 4297 623 4343 me
666 4277 913 4344 fruetus
958 4276 1193 4342 liberet

453 4401 716 4468 semper
758 4402 802 4449 a
842 4383 1181 4466 languore.

378 4558 622 4626 Ventris
663 4562 760 4625 sie
800 4561 1142 4645 integritas
1230 4596 1234 4601 1

475 4659 572 4726 “t
612 4661 794 4728 floris
833 4662 1138 4749 odorem,

1531 550 1617 616 ’10

1531 1148 1615 1212 ’15

1528 1665 1616 1733 80

1529 2257 1618 2323 85

1534 2852 1621 2916 90

1534 3366 1618 3430 95

1492 3966 1620 4033 100

1573 4562 1620 4626 5

1722 443 1970 509 ventris
2011 437 2471 526 ponderositas

1806 545 2082 612 nescivit
2125 543 2418 611 dolorem
2435 591 2454 626 ,

1722 648 1973 714 ventris
2016 646 2164 731 puri
2209 645 2518 711 elausitas

1807 749 2114 837 produxit
2149 751 2322 816 huno
2365 748 2625 815 florem:

1720 874 1932 920 meum
1976 862 2089 919 tua
2130 854 2389 919 bonitas

1804 959 2049 1025 minuat
2088 957 2402 1022 laborem.

1725 1150 1840 1217 Tui
1879 1146 2052 1214 sacri
2093 1146 2366 1211 nominis

1807 1273 1961 1340 spes
2005 1255 2188 1319 volat
2230 1254 2502 1338 ubique,

1721 1360 1817 1426 tui
1857 1360 2093 1424 famam
2136 1360 2410 1424 nominis

1810 1463 2153 1530 dinoscunt
2194 1464 2524 1549 plerique,

1722 1567 1818 1632 tui
1861 1584 2016 1651 spes
2049 1566 2404 1652 juvaminis
2441 1628 2445 1633 .

1806 1688 1930 1735 nos
1974 1678 2166 1754 regat
2208 1671 2524 1757 undique,

1722 1796 1806 1841 ne
1843 1775 2153 1841 daemonis
2198 1797 2343 1843 oum
2385 1777 2597 1863 impiis

1812 1879 2190 1946 damnemur
2230 1882 2467 1966 inique.

1721 2073 1957 2139 Jhesus
1998 2091 2120 2138 nos
2164 2073 2402 2157 eripiat

1811 2195 1853 2240 a
1897 2182 2071 2240 ooetu
2114 2174 2580 2260 damnatorum,

1722 2277 1965 2347 Jhesus
2009 2297 2131 2345 nos
2176 2279 2456 2346 edoceat

1806 2399 2042 2465 passus
2088 2381 2474 2466 electorum,

1721 2482 1965 2551 Jhesus
2008 2503 2129 2549 nos
2175 2485 2498 2551 eustodiat

1809 2586 1877 2651 in
1920 2586 2051 2651 fine
2095 2587 2514 2671 saeculorum,

1721 2687 1964 2757 Jhesus
2006 2709 2128 2756 nos
2170 2698 2557 2777 promoveat

1809 2792 1876 2856 in
1920 2810 2128 2877 regno
2172 2793 2502 2859 ooelorum.

1719 2997 1925 3065 Mater
1968 2995 2075 3059 dei
2119 3004 2186 3061 et
2228 2996 2524 3081 hominis,

1807 3119 2021 3186 capax
2066 3101 2393 3182 trinitatiS,

1720 3213 1928 3271 mater
1971 3225 2211 3290 expers
2256 3207 2571 3292 oriminis,

1807 3327 2038 3375 norma
2082 3311 2471 3395 sanctitatis,

1719 3420 1930 3479 mater
1971 3415 2116 3477 veri
2157 3414 2448 3498 lamium,

1807 3517 1955 3582 fons
2001 3536 2072 3581 es
2118 3518 2452 3602 puritatiS,

1718 3621 1827 3688 fao
1868 3642 1973 3687 me
2017 3622 2203 3705 sequi
2237 3623 2491 3707 jugiter

1805 3725 1979 3791 viam
2021 3726 2336 3790 veritatis.

1721 3934 1845 4002 Dei
1884 3949 2128 4018 sponsa
2170 3931 2454 4017 fulgida,

1807 4035 2080 4102 candela
2122 4035 2287 4101 lueis
2331 4054 2542 4119 verae,

1720 4139 1830 4207 dei
1874 4140 2045 4205 stol'a
2081 4140 2288 4204 nitida

1807 4243 2012 4310 nostri
2056 4244 2396 4328 miserere,

1721 4344 1831 4413 dei
1869 4354 2079 4413 mater
2121 4345 2465 4432 splendida

1807 4470 2067 4537 semper
2110 4469 2231 4517 nos
2274 4459 2495 4538 tuere,

1720 4569 1795 4627 ut
1834 4560 1901 4625 in
1942 4578 2090 4625 meo
2125 4560 2301 4627 obitu

1807 4664 2054 4750 possim
2095 4670 2171 4760 te.
2205 4662 2456 4732 videre.

2903 749 2992 814 10

2902 1362 2987 1425 15

2895 1884 2984 1949 20

2874 2458 2983 2553 ’25

2898 3105 2987 3171 30

2890 4245 2985 4313 40
