3167 5242
175 416 240 483 V.
297 413 549 481 Nobilis
590 420 663 479 et
702 413 889 480 clara

298 518 496 603 stirps
538 524 644 585 est
671 516 930 587 domino
946 535 1213 689 {utaque
1236 536 1416 589 cara.

1008 642 1051 686 n
1097 642 1155 687 e.

161 809 234 875 R.
292 807 595 875 Gloriosa
640 808 816 877 dicta
859 814 1162 877 coustant

384 910 467 977 de
512 917 612 993 te,
657 909 878 976 mundi
922 910 1210 994 domina,

291 1034 564 1098 namque
575 1023 794 1081 vatum
805 1017 1275 1100 proloquuntur
1288 1015 1412 1083 145

378 1117 667 1183 veridica
699 1120 999 1199 carmina,

291 1228 468 1286 tuum
512 1229 579 1286 te
625 1221 940 1286 adversus
984 1239 1229 1310 morem

382 1344 701 1407 generare
746 1325 1125 1409 genitorem.

170 1514 233 1582 V.
286 1513 419 1578 Pro
461 1515 703 1579 meritis
750 1513 944 1580 claris

289 1637 413 1702 per
457 1618 678 1683 secula
722 1625 956 1683 cuncta
996 1617 1231 1686 bearis.
1282 1615 1408 1683 150

419 1720 709 1804 Namque
747 1729 868 1791 etc.

157 1909 234 1976 R.
287 1907 341 1973 Ο
385 1909 598 1975 Maria
643 1912 866 1976 clausa
905 1919 1137 1996 porta,

379 2031 571 2092 quam
614 2031 803 2075 nemo
850 2014 1139 2095 aperuit,

294 2113 606 2198 princeps
648 2115 761 2179 ille
775 2162 792 2196 ,
838 2116 947 2197 qui
992 2114 1290 2181 transivit
1304 2161 1324 2198 ,

381 2214 541 2280 deus
588 2224 654 2281 et
696 2217 890 2281 homo
932 2218 1080 2298 fuit,

278 2336 407 2384 nec
424 2318 759 2401 ingressus
783 2340 906 2386 nec
925 2338 1233 2406 egressus
1284 2320 1407 2384 1⁵5

369 2420 641 2486 violavit
686 2422 1056 2507 clausulam,

285 2521 407 2588 sed
452 2542 643 2605 quam
684 2525 864 2608 prius
908 2543 1040 2591 non
1084 2526 1407 2611 habebat,

375 2626 647 2711 sumpsit
691 2627 905 2691 carnis
949 2627 1232 2714 fibulam,

286 2728 387 2796 sic
431 2737 690 2812 togatus
737 2736 1042 2813 tanquam
1084 2751 1363 2817 sponsus

359 2850 480 2898 suo
522 2837 847 2918 processit
889 2836 1192 2909 thalamo.
1278 2839 1405 2905 160

163 2994 228 3067 V.
284 2997 583 3065 Perfudit
627 3007 764 3066 tota
782 3048 800 3083 ,

279 3118 478 3166 sacra
515 3102 740 3184 virg0,
786 3109 851 3166 te
897 3101 1220 3188 theoteta,

282 3203 706 3289 decrevitque
750 3206 911 3273 deus

278 3303 457 3373 filins
485 3324 631 3371 esse
663 3315 824 3374 tuus.
867 3308 1011 3377 Nec
1035 3309 1204 3395 ingr.
1222 3307 1402 3378 Glor.

412 3409 555 3476 Nec
595 3398 762 3495 ingr.

163 3569 226 3637 V.
271 3568 486 3636 Stella
527 3574 755 3656 maris,
802 3591 843 3639 o
885 3575 1131 3661 Maria,

368 3676 484 3741 tibi
526 3695 821 3761 praesens
864 3680 1095 3745 concio

270 3777 438 3844 odas
480 3781 704 3864 solvit,
748 3789 908 3848 vota
951 3782 1170 3849 fundit

371 3901 617 3949 summo
662 3903 804 3950 cum
848 3885 1151 3971 tripudio.

279 3985 371 4059 ad
413 3996 798 4073 conceptum
840 3999 907 4058 te
955 3989 1265 4081 provexit

368 4089 686 4163 hodierne
728 4092 1061 4181 conditor,
1273 4091 1401 4161 170

275 4212 402 4278 per
458 4213 649 4277 quam
702 4195 942 4262 mundo
985 4198 1197 4264 factus
1241 4214 1401 4264 caro

362 4299 742 4364 subveniret
783 4299 1081 4386 perdit03

276 4420 443 4486 ergo
486 4404 597 4489 pia
636 4421 760 4471 nos
804 4405 1183 4473 commenda

367 4515 479 4574 tua
518 4529 720 4594 prece
764 4509 900 4577 filio
914 4561 933 4593 ‚

273 4612 428 4685 alvo
464 4621 576 4685 tua
609 4616 918 4700 virginali

1275 3578 1402 3644 165

1269 4614 1397 4682 175

2685 233 2774 303 11

1742 419 1851 500 qui
1893 425 1964 484 ut
2007 432 2283 503 sponsus
2330 417 2601 501 proprio

1739 521 2063 603 processit
2105 539 2144 584 e
2187 517 2489 585 thalamo,

1743 750 1818 816 in
1867 752 2192 814 matutinas
2233 748 2538 816 laudibus.

1518 908 1592 973 A.
1659 905 2031 992 Conceptus
2074 908 2426 975 hodiernus

1736 1014 1968 1080 Mariae
2013 1034 2272 1100 semper
2322 1019 2595 1101 virginis

1647 1137 1902 1183 naevum
1924 1121 2142 1203 tergit,
2167 1140 2404 1186 nexum
2419 1124 2615 1190 solvit
2646 1126 2770 1191 180

1740 1230 2017 1287 vetustte
2064 1225 2352 1309 originis,

1649 1327 1897 1390 moestis
1941 1325 2158 1391 reddit
2201 1328 2508 1413 laetitiam,

1649 1428 1763 1493 dat
1806 1430 2164 1494 criminosis
2210 1433 2483 1497 veniam.

1513 1591 1587 1659 A.
1651 1590 1952 1659 Gloriosa
1995 1613 2253 1679 semper
2294 1597 2505 1680 virge,

1730 1697 1947 1763 Maria
1990 1696 2376 1782 dulcissima,

1645 1804 1949 1886 precibus
1997 1810 2062 1867 te
2106 1812 2531 1870 venerantum

1733 1925 1981 1989 annue,
2019 1908 2306 1990 piissima

1644 2005 2091 2090 interventrix,
2136 2028 2220 2072 ne
2263 2009 2578 2092 labamur,

1646 2128 1688 2173 a
1731 2115 1797 2172 te
1841 2127 2099 2193 semper
2134 2119 2574 2194 protegamur.

1511 2273 1586 2343 Δ.
1649 2270 1866 2341 Maria
1911 2273 2107 2358 plena
2141 2274 2375 2358 gratia,

1643 2378 1851 2460 stirpe
1895 2386 2215 2462 concepta
2259 2378 2476 2464 regia,

1731 2482 2111 2548 assistentes
2155 2492 2286 2550 tuae
2330 2485 2507 2551 laudi

1729 2585 2100 2652 miserando
2144 2606 2264 2654 nos
2310 2590 2563 2655 exaudi.

2641 1702 2770 1767 185

2640 2280 2768 2347 190

1510 2749 1583 2819 A.
1643 2746 1698 2819 Ο
1743 2769 1934 2834 quam
1978 2752 2169 2834 larga
2214 2760 2282 2816 te
2329 2753 2634 2839 perfudit,

1720 2854 1943 2937 virgo,
1987 2855 2375 2939 benedictio,

1640 2974 1769 3038 qua
1813 2957 2105 3042 deletur,
2153 2978 2343 3042 quam
2386 2959 2637 3028 induxit

1724 3056 1888 3142 Eva,
1934 3062 2322 3128 maledictio,

1638 3160 1903 3226 intende
1950 3165 2194 3227 nostris
2238 3165 2535 3233 laudibus
2551 3217 2572 3255 ,

1640 3266 1837 3331 beata
1879 3266 1946 3331 in
1990 3265 2394 3336 mulieribus2

2639 2862 2764 2924 195

1505 3434 1580 3502 A.
1641 3431 1931 3517 Dignam
1972 3454 2078 3499 me
2124 3432 2396 3500 laudare
2439 3442 2543 3521 te,
2629 3437 2758 3503 200

1724 3539 1918 3623 virgo
1955 3546 2024 3604 et
2054 3558 2382 3624 puerpera
2399 3588 2417 3625 ,

1637 3648 1705 3707 te
1747 3651 2123 3728 poscentem
2168 3646 2251 3709 ab
2297 3644 2599 3713 aerumnis

1722 3746 1877 3815 leva
1919 3765 2119 3831 super
2163 3748 2412 3817 aethera
2427 3799 2445 3829 ‚

1636 3854 1829 3933 potes
1873 3850 2044 3914 enim
2085 3857 2159 3916 ut
2201 3849 2460 3916 domina

1635 3952 1773 4038 poli
1817 3953 2107 4037 pandere
2151 3954 2385 4019 limina.
2625 3953 2756 4017 205

1752 4147 1824 4212 in
1868 4144 2200 4228 evanqelio.
2261 4144 2497 4228 antiph.

1500 4299 1861 4370 Benedicta
1903 4323 1978 4369 es
2021 4304 2282 4389 Maria,

1501 4408 1649 4475 laus
1693 4414 1937 4489 nostra,
1983 4424 2135 4491 spes
2182 4412 2251 4470 et
2292 4403 2582 4491 domina,

1502 4519 1570 4580 te
1614 4510 1975 4592 collaudat,
2021 4509 2193 4592 colit,
2237 4508 2454 4574 tremit

1590 4615 1760 4684 trina
1803 4611 2022 4681 mundi
2064 4611 2393 4679 machina:
