3167 5242
362 311 501 400 1'6‘6

377 522 706 602 Quintum,
749 517 940 600 virgo
959 562 977 596 ,
1021 511 1358 594 recepisti,
1725 508 1855 575 Per
1897 507 2026 571 hoc
2069 503 2373 588 gaudium
2416 504 2678 568 beatum

372 622 832 693 ascendentem
876 619 1027 682 dum
1070 616 1292 681 vidisti
1729 632 1879 693 ora,
1923 611 2113 692 virgo
2131 658 2148 690 ,
2193 616 2368 671 tuum
2413 613 2663 685 natum,

463 727 661 792 filium
704 725 770 788 in
814 721 1057 805 gloria,
1536 715 1623 781 ‘15
1813 721 1886 779 nt
1927 714 1994 777 in
2037 711 2165 776 hoc
2212 710 2408 773 exilio
2941 704 2990 767 5

376 838 533 897 tunc
578 834 804 912 aperte
850 822 1248 906 cognovisti,
1325 899 1329 903 ,
1728 828 2019 886 nostrum
2066 816 2285 880 deleat
2331 820 2610 891 reatum,

379 932 558 1019 quod
600 940 670 997 tu
711 937 917 994 mater
961 924 1263 1008 extitisti,
1730 947 1815 990 ne
1859 925 1943 987 sit
1983 920 2170 987 nobis
2213 919 2279 983 in
2322 922 2663 1002 peccatum

467 1035 651 1120 onjUS
697 1047 842 1097 eras
880 1029 1029 1096 fllia·
1817 1030 1884 1095 in
1928 1044 2164 1110 magno
2201 1019 2471 1107 judicio.

382 1139 447 1205 in
494 1153 768 1202 ascensu
813 1133 1290 1198 demonstratur

374 1229 529 1325 via,
573 1261 695 1325 per
740 1257 932 1323 quam
978 1232 1367 1301 ascendatur
1539 1227 1626 1296 80

473 1342 556 1408 ad
604 1341 752 1406 coeli
795 1339 1077 1424 palatia3

384 1464 552 1530 ergo
598 1451 825 1527 surgat
870 1451 935 1506 et
978 1448 1285 1522 sequatur

388 1550 578 1616 istam
622 1548 824 1628 viam,
872 1544 980 1627 qui
1022 1547 1311 1608 moratur

472 1653 541 1718 in
585 1647 802 1715 mnndi
843 1648 1117 1713 miseria.

1731 1191 1848 1259 Ad
1892 1192 2228 1276 septimum
2270 1185 2569 1252 ‘mvitavit
2589 1232 2607 1266 ,

1733 1313 1879 1363 cum
1923 1295 2006 1359 de
2049 1291 2288 1359 mundo
2331 1297 2399 1355 te
2442 1286 2708 1354 vocavit
2915 1281 3002 1344 1o

1824 1397 2117 1463 Christus
2163 1392 2248 1459 ad
2290 1391 2615 1470 coelestia,

1737 1523 1936 1587 super
1980 1500 2247 1564 thronos
2293 1494 2637 1575 exaltavit,

1741 1607 2090 1673 exaltatam
2133 1599 2484 1666 honoravit

1828 1707 2095 1794 speciali
2131 1701 2362 1789 gratie.

384 1834 519 1904 Per
561 1835 691 1901 hoc
733 1831 1038 1917 gandium
1082 1847 1419 1918 rogamus,
1547 1835 1634 1900 85
1743 1815 1839 1880 δὴ
1882 1813 2090 1877 honor
2132 1807 2250 1871 tibi
2293 1809 2669 1889 Praestatur,
2908 1800 2998 1861 15

391 1960 477 2005 ne
523 1939 756 2022 subjici
798 1935 1135 2000 valeamus
1744 1918 1854 2002 qui
1897 1913 2132 1979 nemini
2174 1917 2553 1976 reservatur

478 2043 789 2109 daemonis
833 2042 1103 2124 imperio
1115 2088 1135 2124 ,
1832 2021 1899 2084 in
1947 2017 2200 2083 coelesti
2243 2012 2456 2094 curie,

390 2145 513 2212 sed
557 2146 642 2210 ad
687 2145 888 2210 coelos
935 2141 1379 2225 ascendamuS,
1500 2209 1503 2210 ⁷
1608 2205 1622 2219 ‚
1743 2143 1868 2190 1100
1913 2122 2253 2187 virtutibus
2300 2116 2570 2196 ditatur,

389 2251 503 2318 ubi
546 2268 806 2333 semper
850 2246 1247 2331 gaudeamus
1743 2229 1871 2294 nisi
1915 2227 2017 2292 cui
2059 2241 2181 2309 per
2227 2230 2293 2287 te
2338 2213 2527 2285 datur

479 2361 693 2419 tecum
738 2355 806 2415 et
849 2369 995 2415 cum
1037 2348 1191 2413 filio.
1557 2347 1640 2411 9ο
1833 2333 2137 2396 virtutum
2187 2323 2500 2391 custodia.
2919 2313 3009 2379 20

1746 2486 1986 2571 Virgo,
2031 2491 2238 2548 mater
2279 2479 2574 2566 pietatis,

1751 2592 2105 2659 sentiamus
2150 2585 2457 2652 bonitatis

1837 2702 1968 2758 tuae
2011 2687 2361 2770 beneficia,

1752 2806 1822 2864 et
1862 2815 1982 2862 nos
2027 2812 2254 2859 serves
2301 2812 2342 2856 a
2384 2786 2673 2873 peccatis

1753 2909 1821 2967 et
1865 2898 2188 2985 perducas
2235 2911 2378 2961 cnm
2423 2889 2632 2959 beatis
2921 2883 3012 2949 25

1842 3003 1927 3069 ad
1973 3008 2218 3065 aeterna
2262 2994 2522 3081 gaudia.

394 2552 667 2619 Sextum
710 2550 1014 2635 gaudium
1059 2533 1379 2632 ostendit,

394 2657 479 2722 de
526 2656 825 2740 supernis
871 2655 978 2736 qui
1026 2641 1365 2717 descendit

479 2759 547 2821 in
590 2756 828 2839 linguis
871 2754 1255 2838 paraclitus,

396 2859 549 2926 dum
594 2855 934 2924 confirm'at
979 2865 1048 2922 et
1091 2854 1411 2940 defendit,

395 2960 641 3046 replet,
686 2960 951 3025 mundat
996 2967 1064 3023 et
1107 2957 1405 3024 accendit
1561 2961 1644 3022 95

482 3064 821 3149 apostolos
866 3064 1140 3148 penitus.

395 3170 568 3252 ignis
610 3169 676 3233 in
722 3169 959 3252 linguis
1004 3175 1108 3232 est
1151 3167 1372 3251 datus,
1755 3167 1810 3234 Ο
1854 3166 2068 3233 Maria
2111 3172 2250 3228 tota
2291 3159 2568 3239 munda,

396 3280 472 3338 ut
511 3294 633 3356 per
674 3274 895 3356 ignem
941 3273 1026 3335 sit
1069 3280 1336 3336 sanatus
1756 3292 1799 3337 a
1837 3268 2127 3356 peccatis
2170 3283 2291 3329 nos
2337 3259 2615 3329 emunda

484 3374 678 3440 homo
719 3376 955 3457 linguis
993 3374 1315 3459 perditus,
1842 3394 1965 3459 per
2011 3371 2176 3444 haec.
2202 3375 2457 3452 septem
2499 3359 2772 3446 gaudia,

397 3484 470 3542 et
510 3497 632 3561 per
676 3478 893 3560 ignem
937 3476 1352 3560 emendatae,
1523 3472 1650 3542 100
1757 3485 1827 3546 et
1868 3474 2146 3541 fecunda
2189 3490 2310 3537 nos
2355 3463 2636 3534 fecunda
2884 3461 3018 3525 13⁰

405 3580 517 3663 qui
556 3580 771 3644 fuerat
814 3581 1172 3646 maculatus
1760 3590 1830 3647 et
1870 3581 1997 3645 duc
2039 3587 2250 3643 tecum
2297 3573 2382 3639 ad
2416 3567 2710 3657 jocunda

491 3701 615 3767 per
646 3691 986 3767 peccatum
1026 3684 1339 3769 primitus,
1847 3680 2138 3769 paradisi
2182 3674 2438 3762 gaudia,
2525 3691 2729 3738 amen.

414 3913 425 3920 ἱ
581 3841 679 3898 11⁸.
721 3858 792 3897 zu
837 3827 1149 3898 ‘Katlsruhe
1197 3857 1251 3899 o.
1305 3839 1412 3900 No.
1460 3853 1574 3902 von·
1620 3833 1778 3904 1439.
1820 3843 1860 3902 f.
1895 3847 1964 3899 ’Π
2020 3831 2149 3911 (A).
2233 3827 2396 3894 Nach
2444 3832 2600 3887 einer
2642 3823 3026 3899 beigeflig‘tefi

403 3923 763 4001 Bemerkung
796 3929 991 3985 warde
1030 3928 1183 3986 dies‘e
1219 3930 1513 3989 Abschrift
1546 3934 1603 3989 in
1635 3936 1905 4008 Bologna
1940 3928 2215 4003 gemacht.
2302 3924 2398 3978 Es.
2433 3937 2503 3975 zu
2537 3911 2749 3983 mainz,
2812 3912 3022 3969 Karna

407 4017 515 4074 No.
548 4019 669 4072 599.
724 4015 764 4072 f.
798 4019 870 4072 46
920 4018 1023 4073 des
1057 4021 1128 4073 14
1168 4013 1363 4075 Jahrb.
1412 4022 1540 4092 (B).
1612 4024 1691 4080 Im
1724 4018 2141 4094 antidotarium
2175 4013 2391 4069 animm.
2437 4007 2476 4066 f.
2521 4009 2591 4063 69
2639 4006 2750 4078 (G)
2795 4000 2913 4058 und
2957 3999 3022 4054 in

410 4104 570 4160 einer
602 4104 698 4162 Hs.
738 4122 809 4160 zu
841 4105 1197 4162 Lichtenthal
1232 4106 1329 4162 des
1369 4110 1437 4163 14
1470 4110 1665 4166 Jahrh.
1710 4110 1831 4184 (L).

585 4221 621 4273 3
657 4218 793 4274 vitae
829 4215 887 4274 et
922 4219 1043 4275 mis·
1076 4221 1136 4276 L.
1217 4221 1250 4274 5
1288 4224 1348 4276 et
1381 4218 1527 4280 fehlt
1561 4209 1653 4279 131,
1663 4264 1682 4292 ,
1744 4223 2137 4289 dulcoremque
2174 4216 2236 4272 C.
2330 4207 2566 4267 10-12
2614 4203 2808 4261 fehlen
2853 4203 2915 4257 in
2949 4197 3027 4258 A.

418 4308 486 4361 11
524 4299 775 4377 concipis
808 4293 923 4394 An,
961 4311 1021 4363 et
1053 4312 1258 4364 monet.
1292 4307 1353 4363 L.
1427 4309 1496 4364 14
1529 4311 1681 4382 quod
1712 4310 1823 4365 AL.
1893 4310 1961 4363 16
1998 4312 2058 4362 et
2083 4308 2229 4377 prot.
2269 4301 2331 4359 L.
2406 4297 2475 4354 18
2501 4301 2713 4352 terram
2740 4292 2803 4349 c.
2852 4289 2930 4344 πο
2957 4294 3024 4345 ιι

413 4412 540 4468 quae
589 4395 718 4451 sola
760 4395 931 4468 virgo
977 4397 1137 4468 paris
1174 4397 1242 4469 L,
1299 4411 1423 4454 cum
1457 4403 1521 4454 tu
1556 4400 1667 4456 Bc.
1762 4401 1833 4455 23
1867 4411 1972 4452 nec
2006 4396 2051 4450 B
2073 4436 2087 4465 ,
2120 4405 2350 4451 manens
2384 4385 2445 4447 C.
2535 4387 2609 4442 25
2645 4382 2743 4439 ffir
2779 4378 3020 4440 odorem

412 4486 582 4541 stand
616 4486 706 4546 ein
742 4486 983 4542 anderes
1019 4487 1215 4556 wei-t,
1252 4486 1397 4544 denn
1432 4487 1523 4543 die
1549 4492 1585 4544 2
1623 4494 1810 4544 ersten
1838 4484 2194 4542 Buchstaben
2229 4481 2355 4538 sind
2391 4474 2679 4534 austadirt
2704 4470 2817 4528 und
2845 4464 3024 4524 darer

416 4570 493 4624 od
528 4577 751 4642 gesetzt
784 4574 829 4630 L
849 4614 867 4645 ,
921 4573 975 4628 A
1008 4575 1111 4630 hat
1143 4573 1335 4648 sicud,
1370 4575 1542 4632 velud
1575 4576 1723 4632 nach
1758 4575 1882 4630 dem
1918 4571 2166 4644 Beispiel
2200 4586 2315 4628 von
2354 4565 2519 4639 apud.
2616 4562 2687 4618 26
2723 4555 2892 4615 stand
2929 4570 3030 4610 ea-

412 4654 615 4725 lorem‚
649 4659 725 4713 ist
758 4661 1063 4717 verandert
1096 4661 1155 4716 in
1190 4661 1493 4718 candorem
1527 4662 1589 4719 L.
1655 4667 1727 4718 27
1763 4678 1886 4718 cnm
1920 4660 1988 4716 de
2024 4666 2184 4716 terra
2220 4657 2402 4712 oritur
2424 4654 2499 4724 1.;
2536 4650 2688 4707 diese
2726 4643 2824 4702 Hs.
2859 4644 3027 4698 hatto

414 4739 549 4799 also
575 4742 636 4798 in
661 4743 769 4799 den
793 4742 1014 4802 Versen
1039 4750 1251 4803 25-27
1278 4748 1440 4804 einen
1465 4748 1681 4805 andern
1704 4749 1846 4808 Sinn
1871 4748 1960 4805 als
1986 4747 2076 4801 die
2102 4727 2356 4817 fibrigen.
2425 4739 2497 4799 28
2524 4744 2586 4794 tu
2610 4733 2706 4792 Γιιι·
2731 4743 2836 4789 nec
2861 4727 3032 4789 AGL.
