<?xml version="1.0" encoding="UTF-8"?>
<!DOCTYPE html PUBLIC "-//W3C//DTD XHTML 1.0 Transitional//EN"
    "http://www.w3.org/TR/xhtml1/DTD/xhtml1-transitional.dtd">
<html xmlns="http://www.w3.org/1999/xhtml" xml:lang="en" lang="en">
 <head>
  <title>
</title>
<meta http-equiv="Content-Type" content="text/html;charset=utf-8" />
  <meta name='ocr-system' content='tesseract 3.04.00' />
  <meta name='ocr-capabilities' content='ocr_page ocr_carea ocr_par ocr_line ocrx_word'/>
</head>
<body>
  <div class='ocr_page' id='page_1' title='image "./lateinischehymn03monegoog_0349.png"; bbox 0 0 3167 5242; ppageno 0'>
   <div class='ocr_carea' id='block_1_1' title="bbox 31 448 1050 831">
    <p class='ocr_par' dir='ltr' id='par_1_1' title="bbox 31 448 1039 643">
     <span class='ocr_line' id='line_1_1' title="bbox 31 448 1039 546; baseline -0.002 -26"><span class='ocrx_word' id='word_1_1' title='bbox 31 460 401 520; x_wconf 79' lang='lat' dir='ltr'><strong>ventrem</strong></span> <span class='ocrx_word' id='word_1_2' title='bbox 445 448 621 546; x_wconf 79' lang='lat' dir='ltr'><strong>tuum</strong></span> <span class='ocrx_word' id='word_1_3' title='bbox 665 452 1039 519; x_wconf 74' lang='lat' dir='ltr'><strong>fecundavit</strong></span> 
     </span>
     <span class='ocr_line' id='line_1_2' title="bbox 157 556 916 643; baseline -0.003 -21"><span class='ocrx_word' id='word_1_4' title='bbox 157 559 419 622; x_wconf 75' lang='lat' dir='ltr'><strong>summi</strong></span> <span class='ocrx_word' id='word_1_5' title='bbox 462 558 668 643; x_wconf 83' lang='lat' dir='ltr'><strong>patris</strong></span> <span class='ocrx_word' id='word_1_6' title='bbox 712 556 916 637; x_wconf 86' lang='lat' dir='ltr'><strong>filius,</strong></span> 
     </span>
    </p>

    <p class='ocr_par' dir='ltr' id='par_1_2' title="bbox 33 659 1050 831">
     <span class='ocr_line' id='line_1_3' title="bbox 33 659 1050 743; baseline -0.003 -16"><span class='ocrx_word' id='word_1_7' title='bbox 33 661 204 727; x_wconf 72' lang='lat' dir='ltr'><strong>sed</strong></span> <span class='ocrx_word' id='word_1_8' title='bbox 260 669 336 725; x_wconf 82' lang='lat' dir='ltr'><strong>te</strong></span> <span class='ocrx_word' id='word_1_9' title='bbox 382 680 706 743; x_wconf 87' lang='lat' dir='ltr'><strong>nunquam</strong></span> <span class='ocrx_word' id='word_1_10' title='bbox 748 659 1050 741; x_wconf 81' lang='lat' dir='ltr'><strong>violavit,</strong></span> 
     </span>
     <span class='ocr_line' id='line_1_4' title="bbox 158 764 1008 831; baseline -0.001 -1"><span class='ocrx_word' id='word_1_11' title='bbox 158 765 359 831; x_wconf 81' lang='lat' dir='ltr'><strong>sicut</strong></span> <span class='ocrx_word' id='word_1_12' title='bbox 402 783 625 829; x_wconf 86' lang='lat' dir='ltr'><strong>omnes</strong></span> <span class='ocrx_word' id='word_1_13' title='bbox 658 764 1008 830; x_wconf 77' lang='lat' dir='ltr'><strong>eredimus.</strong></span> 
     </span>
    </p>
   </div>
   <div class='ocr_carea' id='block_1_2' title="bbox 37 939 1104 1739">
    <p class='ocr_par' dir='ltr' id='par_1_3' title="bbox 37 939 1001 1128">
     <span class='ocr_line' id='line_1_5' title="bbox 37 939 1001 1026; baseline -0.006 -16"><span class='ocrx_word' id='word_1_14' title='bbox 37 944 312 1026; x_wconf 81' lang='lat' dir='ltr'><strong>Virgo</strong></span> <span class='ocrx_word' id='word_1_15' title='bbox 358 941 538 1024; x_wconf 85' lang='lat' dir='ltr'><strong>paris</strong></span> <span class='ocrx_word' id='word_1_16' title='bbox 584 947 810 1006; x_wconf 82' lang='lat' dir='ltr'><strong>eontra</strong></span> <span class='ocrx_word' id='word_1_17' title='bbox 846 939 1001 1023; x_wconf 83' lang='lat' dir='ltr'><strong>jura</strong></span> 
     </span>
     <span class='ocr_line' id='line_1_6' title="bbox 101 1044 861 1128; baseline -0.007 -16"><span class='ocrx_word' id='word_1_18' title='bbox 101 1105 108 1112; x_wconf 91' lang='lat'><em>.</em></span> <span class='ocrx_word' id='word_1_19' title='bbox 159 1064 336 1111; x_wconf 79' lang='lat' dir='ltr'><strong>eum</strong></span> <span class='ocrx_word' id='word_1_20' title='bbox 381 1045 652 1128; x_wconf 84' lang='lat' dir='ltr'><strong>pudoris</strong></span> <span class='ocrx_word' id='word_1_21' title='bbox 694 1044 861 1124; x_wconf 87' lang='lat' dir='ltr'><strong>lilio,</strong></span> 
     </span>
    </p>

    <p class='ocr_par' dir='ltr' id='par_1_4' title="bbox 42 1144 986 1336">
     <span class='ocr_line' id='line_1_7' title="bbox 42 1144 986 1233; baseline -0.008 -15"><span class='ocrx_word' id='word_1_22' title='bbox 42 1151 215 1218; x_wconf 79' lang='lat' dir='ltr'><strong>hoo</strong></span> <span class='ocrx_word' id='word_1_23' title='bbox 271 1147 617 1233; x_wconf 78' lang='lat' dir='ltr'><strong>praecessit</strong></span> <span class='ocrx_word' id='word_1_24' title='bbox 659 1148 725 1211; x_wconf 88' lang='lat' dir='ltr'><strong>in</strong></span> <span class='ocrx_word' id='word_1_25' title='bbox 771 1144 986 1230; x_wconf 72' lang='lat' dir='ltr'><strong>figura</strong></span> 
     </span>
     <span class='ocr_line' id='line_1_8' title="bbox 161 1252 834 1336; baseline -0.006 -14"><span class='ocrx_word' id='word_1_26' title='bbox 161 1261 374 1322; x_wconf 77' lang='lat' dir='ltr'><strong>certe</strong></span> <span class='ocrx_word' id='word_1_27' title='bbox 419 1253 558 1318; x_wconf 86' lang='lat' dir='ltr'><strong>sine</strong></span> <span class='ocrx_word' id='word_1_28' title='bbox 603 1252 834 1336; x_wconf 61' lang='lat' dir='ltr'><strong>dubit),</strong></span> 
     </span>
    </p>

    <p class='ocr_par' dir='ltr' id='par_1_5' title="bbox 47 1363 906 1545">
     <span class='ocr_line' id='line_1_9' title="bbox 47 1363 906 1444; baseline -0.005 -18"><span class='ocrx_word' id='word_1_29' title='bbox 47 1375 246 1426; x_wconf 81' lang='lat' dir='ltr'><strong>usus</strong></span> <span class='ocrx_word' id='word_1_30' title='bbox 304 1363 520 1422; x_wconf 83' lang='lat' dir='ltr'><strong>tamen</strong></span> <span class='ocrx_word' id='word_1_31' title='bbox 563 1365 631 1421; x_wconf 87' lang='lat' dir='ltr'><strong>et</strong></span> <span class='ocrx_word' id='word_1_32' title='bbox 655 1365 906 1444; x_wconf 28' lang='lat' dir='ltr'><strong>‚natura</strong></span> 
     </span>
     <span class='ocr_line' id='line_1_10' title="bbox 157 1464 895 1545; baseline 0.001 -19"><span class='ocrx_word' id='word_1_33' title='bbox 157 1470 412 1545; x_wconf 85' lang='lat' dir='ltr'><strong>stupet</strong></span> <span class='ocrx_word' id='word_1_34' title='bbox 454 1467 652 1544; x_wconf 87' lang='lat' dir='ltr'><strong>atque</strong></span> <span class='ocrx_word' id='word_1_35' title='bbox 692 1464 895 1544; x_wconf 66' lang='lat' dir='ltr'><strong>ratic),</strong></span> 
     </span>
    </p>

    <p class='ocr_par' dir='ltr' id='par_1_6' title="bbox 49 1568 1104 1739">
     <span class='ocr_line' id='line_1_11' title="bbox 49 1568 1104 1656; baseline -0.002 -20"><span class='ocrx_word' id='word_1_36' title='bbox 49 1568 268 1656; x_wconf 86' lang='lat' dir='ltr'><strong>quod</strong></span> <span class='ocrx_word' id='word_1_37' title='bbox 322 1575 392 1632; x_wconf 85' lang='lat' dir='ltr'><strong>tu</strong></span> <span class='ocrx_word' id='word_1_38' title='bbox 433 1586 657 1632; x_wconf 83' lang='lat' dir='ltr'><strong>manes</strong></span> <span class='ocrx_word' id='word_1_39' title='bbox 702 1569 893 1653; x_wconf 81' lang='lat' dir='ltr'><strong>virgo</strong></span> <span class='ocrx_word' id='word_1_40' title='bbox 937 1588 1104 1652; x_wconf 87' lang='lat' dir='ltr'><strong>pura</strong></span> 
     </span>
     <span class='ocr_line' id='line_1_12' title="bbox 155 1670 701 1739; baseline -0.007 0"><span class='ocrx_word' id='word_1_41' title='bbox 155 1680 346 1739; x_wconf 78' lang='lat' dir='ltr'><strong>nato</strong></span> <span class='ocrx_word' id='word_1_42' title='bbox 393 1677 508 1736; x_wconf 81' lang='lat' dir='ltr'><strong>tuo</strong></span> <span class='ocrx_word' id='word_1_43' title='bbox 550 1670 701 1737; x_wconf 84' lang='lat' dir='ltr'><strong>filio.</strong></span> 
     </span>
    </p>
   </div>
   <div class='ocr_carea' id='block_1_3' title="bbox 53 1853 1175 2668">
    <p class='ocr_par' dir='ltr' id='par_1_7' title="bbox 53 1853 1169 2040">
     <span class='ocr_line' id='line_1_13' title="bbox 53 1853 1169 1940; baseline 0.003 -22"><span class='ocrx_word' id='word_1_44' title='bbox 53 1853 368 1940; x_wconf 76' lang='lat' dir='ltr'><strong>Corpus</strong></span> <span class='ocrx_word' id='word_1_45' title='bbox 409 1861 604 1918; x_wconf 85' lang='lat' dir='ltr'><strong>tuum·</strong></span> <span class='ocrx_word' id='word_1_46' title='bbox 628 1854 896 1936; x_wconf 85' lang='lat' dir='ltr'><strong>prolem.</strong></span> <span class='ocrx_word' id='word_1_47' title='bbox 925 1859 1169 1939; x_wconf 79' lang='lat' dir='ltr'><strong>gessit,</strong></span> 
     </span>
     <span class='ocr_line' id='line_1_14' title="bbox 160 1958 1169 2040; baseline 0 -16"><span class='ocrx_word' id='word_1_48' title='bbox 160 1962 230 2024; x_wconf 87' lang='lat' dir='ltr'><strong>si</strong></span> <span class='ocrx_word' id='word_1_49' title='bbox 283 1958 436 2040; x_wconf 88' lang='lat' dir='ltr'><strong>quis</strong></span> <span class='ocrx_word' id='word_1_50' title='bbox 482 1958 745 2040; x_wconf 82' lang='lat' dir='ltr'><strong>quaerit,</strong></span> <span class='ocrx_word' id='word_1_51' title='bbox 793 1958 1116 2040; x_wconf 83' lang='lat' dir='ltr'><strong>quomodo</strong></span> <span class='ocrx_word' id='word_1_52' title='bbox 1130 1958 1169 2024; x_wconf 66' lang='lat'><em>2</em></span> 
     </span>
    </p>

    <p class='ocr_par' dir='ltr' id='par_1_8' title="bbox 57 2045 1028 2252">
     <span class='ocr_line' id='line_1_15' title="bbox 57 2045 1028 2132; baseline -0.005 0"><span class='ocrx_word' id='word_1_53' title='bbox 57 2066 378 2132; x_wconf 74' lang='lat' dir='ltr'><strong>verbum</strong></span> <span class='ocrx_word' id='word_1_54' title='bbox 419 2062 601 2125; x_wconf 74' lang='lat' dir='ltr'><strong>venit</strong></span> <span class='ocrx_word' id='word_1_55' title='bbox 617 2045 630 2112; x_wconf 75' lang='lat'><strong>&#39;.</strong></span> <span class='ocrx_word' id='word_1_56' title='bbox 645 2068 712 2126; x_wconf 90' lang='lat' dir='ltr'><strong>et</strong></span> <span class='ocrx_word' id='word_1_57' title='bbox 753 2063 1028 2127; x_wconf 79' lang='lat' dir='ltr'><strong>recessit</strong></span> 
     </span>
     <span class='ocr_line' id='line_1_16' title="bbox 166 2168 937 2252; baseline -0.004 -16"><span class='ocrx_word' id='word_1_58' title='bbox 166 2171 418 2236; x_wconf 75' lang='lat' dir='ltr'><strong>clauso</strong></span> <span class='ocrx_word' id='word_1_59' title='bbox 463 2175 578 2232; x_wconf 81' lang='lat' dir='ltr'><strong>tuo</strong></span> <span class='ocrx_word' id='word_1_60' title='bbox 621 2168 937 2252; x_wconf 69' lang='lat' dir='ltr'><strong>thalamo,</strong></span> 
     </span>
    </p>

    <p class='ocr_par' dir='ltr' id='par_1_9' title="bbox 63 2271 1006 2455">
     <span class='ocr_line' id='line_1_17' title="bbox 63 2271 1006 2340; baseline -0.002 0"><span class='ocrx_word' id='word_1_61' title='bbox 63 2280 333 2340; x_wconf 81' lang='lat' dir='ltr'><strong>venter</strong></span> <span class='ocrx_word' id='word_1_62' title='bbox 382 2277 529 2334; x_wconf 85' lang='lat' dir='ltr'><strong>tuus</strong></span> <span class='ocrx_word' id='word_1_63' title='bbox 572 2271 664 2334; x_wconf 83' lang='lat' dir='ltr'><strong>sis</strong></span> <span class='ocrx_word' id='word_1_64' title='bbox 709 2272 1006 2338; x_wconf 77' lang='lat' dir='ltr'><strong>tumescit</strong></span> 
     </span>
     <span class='ocr_line' id='line_1_18' title="bbox 163 2372 744 2455; baseline -0.005 -15"><span class='ocrx_word' id='word_1_65' title='bbox 163 2374 328 2440; x_wconf 78' lang='lat' dir='ltr'><strong>sine</strong></span> <span class='ocrx_word' id='word_1_66' title='bbox 377 2372 503 2436; x_wconf 85' lang='lat' dir='ltr'><strong>viri</strong></span> <span class='ocrx_word' id='word_1_67' title='bbox 546 2373 708 2437; x_wconf 87' lang='lat' dir='ltr'><strong>vitio</strong></span> <span class='ocrx_word' id='word_1_68' title='bbox 725 2420 744 2455; x_wconf 90' lang='lat'><strong>,</strong></span> 
     </span>
    </p>

    <p class='ocr_par' dir='ltr' id='par_1_10' title="bbox 65 2474 1175 2668">
     <span class='ocr_line' id='line_1_19' title="bbox 65 2474 1175 2560; baseline -0.006 -13"><span class='ocrx_word' id='word_1_69' title='bbox 65 2477 247 2547; x_wconf 88' lang='lat' dir='ltr'><strong>illud</strong></span> <span class='ocrx_word' id='word_1_70' title='bbox 297 2474 541 2558; x_wconf 79' lang='lat' dir='ltr'><strong>erede,</strong></span> <span class='ocrx_word' id='word_1_71' title='bbox 588 2479 880 2560; x_wconf 76' lang='lat' dir='ltr'><strong>quamvis</strong></span> <span class='ocrx_word' id='word_1_72' title='bbox 920 2478 1130 2546; x_wconf 68' lang='lat' dir='ltr'><strong>nescit</strong></span> <span class='ocrx_word' id='word_1_73' title='bbox 1167 2533 1175 2540; x_wconf 92' lang='lat'><em>.</em></span> 
     </span>
     <span class='ocr_line' id='line_1_20' title="bbox 163 2580 801 2668; baseline -0.005 -19"><span class='ocrx_word' id='word_1_74' title='bbox 163 2580 476 2668; x_wconf 85' lang='lat' dir='ltr'><strong>experiri</strong></span> <span class='ocrx_word' id='word_1_75' title='bbox 523 2581 711 2647; x_wconf 84' lang='lat' dir='ltr'><strong>ratio.</strong></span> <span class='ocrx_word' id='word_1_76' title='bbox 795 2581 801 2588; x_wconf 83' lang='grc'>’</span> 
     </span>
    </p>
   </div>
   <div class='ocr_carea' id='block_1_4' title="bbox 71 2765 1094 3580">
    <p class='ocr_par' dir='ltr' id='par_1_11' title="bbox 71 2765 1094 2951">
     <span class='ocr_line' id='line_1_21' title="bbox 71 2765 975 2850; baseline -0.002 -14"><span class='ocrx_word' id='word_1_77' title='bbox 71 2768 179 2836; x_wconf 82' lang='lat' dir='ltr'><strong>Tu</strong></span> <span class='ocrx_word' id='word_1_78' title='bbox 228 2787 310 2832; x_wconf 92' lang='lat' dir='ltr'><strong>es</strong></span> <span class='ocrx_word' id='word_1_79' title='bbox 359 2766 555 2847; x_wconf 75' lang='lat' dir='ltr'><strong>virgo</strong></span> <span class='ocrx_word' id='word_1_80' title='bbox 600 2765 975 2850; x_wconf 72' lang='lat' dir='ltr'><strong>singularis,</strong></span> 
     </span>
     <span class='ocr_line' id='line_1_22' title="bbox 166 2859 1094 2951; baseline -0.005 -13"><span class='ocrx_word' id='word_1_81' title='bbox 166 2871 338 2939; x_wconf 78' lang='lat' dir='ltr'><strong>felix</strong></span> <span class='ocrx_word' id='word_1_82' title='bbox 387 2867 768 2942; x_wconf 70' lang='lat' dir='ltr'><strong>muliercula</strong></span> <span class='ocrx_word' id='word_1_83' title='bbox 784 2916 801 2951; x_wconf 93' lang='lat'><strong>,</strong></span> <span class='ocrx_word' id='word_1_84' title='bbox 1090 2859 1094 2864; x_wconf 69' lang='grc'><strong>’</strong></span> 
     </span>
    </p>

    <p class='ocr_par' dir='ltr' id='par_1_12' title="bbox 71 2972 1027 3157">
     <span class='ocr_line' id='line_1_23' title="bbox 71 2972 1027 3052; baseline -0.007 -8"><span class='ocrx_word' id='word_1_85' title='bbox 71 2986 150 3044; x_wconf 82' lang='lat' dir='ltr'><strong>tu</strong></span> <span class='ocrx_word' id='word_1_86' title='bbox 197 2994 278 3040; x_wconf 89' lang='lat' dir='ltr'><strong>es</strong></span> <span class='ocrx_word' id='word_1_87' title='bbox 329 2972 518 3038; x_wconf 80' lang='lat' dir='ltr'><strong>clara</strong></span> <span class='ocrx_word' id='word_1_88' title='bbox 560 2973 754 3038; x_wconf 81' lang='lat' dir='ltr'><strong>stella</strong></span> <span class='ocrx_word' id='word_1_89' title='bbox 797 2973 1027 3052; x_wconf 85' lang='lat' dir='ltr'><strong>maris,</strong></span> 
     </span>
     <span class='ocr_line' id='line_1_24' title="bbox 171 3057 962 3157; baseline -0.004 -14"><span class='ocrx_word' id='word_1_90' title='bbox 171 3085 246 3143; x_wconf 86' lang='lat' dir='ltr'><strong>tu</strong></span> <span class='ocrx_word' id='word_1_91' title='bbox 295 3094 373 3139; x_wconf 89' lang='lat' dir='ltr'><strong>es</strong></span> <span class='ocrx_word' id='word_1_92' title='bbox 420 3072 619 3138; x_wconf 81' lang='lat' dir='ltr'><strong>Jesse</strong></span> <span class='ocrx_word' id='word_1_93' title='bbox 667 3057 962 3157; x_wconf 74' lang='lat' dir='ltr'><strong>virgula3</strong></span> 
     </span>
    </p>

    <p class='ocr_par' dir='ltr' id='par_1_13' title="bbox 75 3177 991 3369">
     <span class='ocr_line' id='line_1_25' title="bbox 75 3177 991 3262; baseline -0.007 -12"><span class='ocrx_word' id='word_1_94' title='bbox 75 3183 254 3250; x_wconf 84' lang='lat' dir='ltr'><strong>miro</strong></span> <span class='ocrx_word' id='word_1_95' title='bbox 301 3177 507 3245; x_wconf 86' lang='lat' dir='ltr'><strong>modo</strong></span> <span class='ocrx_word' id='word_1_96' title='bbox 547 3185 768 3244; x_wconf 81' lang='lat' dir='ltr'><strong>natum</strong></span> <span class='ocrx_word' id='word_1_97' title='bbox 811 3180 991 3262; x_wconf 80' lang='lat' dir='ltr'><strong>paris</strong></span> 
     </span>
     <span class='ocr_line' id='line_1_26' title="bbox 172 3282 898 3369; baseline -0.006 -18"><span class='ocrx_word' id='word_1_98' title='bbox 172 3287 321 3352; x_wconf 88' lang='lat' dir='ltr'><strong>sine</strong></span> <span class='ocrx_word' id='word_1_99' title='bbox 367 3282 582 3369; x_wconf 80' lang='lat' dir='ltr'><strong>patris</strong></span> <span class='ocrx_word' id='word_1_100' title='bbox 628 3283 862 3367; x_wconf 83' lang='lat' dir='ltr'><strong>eopula</strong></span> <span class='ocrx_word' id='word_1_101' title='bbox 879 3332 898 3367; x_wconf 93' lang='lat'><strong>,</strong></span> 
     </span>
    </p>

    <p class='ocr_par' dir='ltr' id='par_1_14' title="bbox 82 3390 1004 3580">
     <span class='ocr_line' id='line_1_27' title="bbox 82 3390 1004 3458; baseline -0.004 0"><span class='ocrx_word' id='word_1_102' title='bbox 82 3400 160 3458; x_wconf 81' lang='lat' dir='ltr'><strong>tu</strong></span> <span class='ocrx_word' id='word_1_103' title='bbox 203 3410 281 3456; x_wconf 84' lang='lat' dir='ltr'><strong>es</strong></span> <span class='ocrx_word' id='word_1_104' title='bbox 328 3390 513 3457; x_wconf 76' lang='lat' dir='ltr'><strong>facta</strong></span> <span class='ocrx_word' id='word_1_105' title='bbox 554 3396 763 3452; x_wconf 84' lang='lat' dir='ltr'><strong>mater</strong></span> <span class='ocrx_word' id='word_1_106' title='bbox 808 3390 1004 3456; x_wconf 78' lang='lat' dir='ltr'><strong>maris</strong></span> 
     </span>
     <span class='ocr_line' id='line_1_28' title="bbox 175 3491 879 3580; baseline 0 -20"><span class='ocrx_word' id='word_1_107' title='bbox 175 3497 318 3562; x_wconf 83' lang='lat' dir='ltr'><strong>sine</strong></span> <span class='ocrx_word' id='word_1_108' title='bbox 364 3493 568 3580; x_wconf 84' lang='lat' dir='ltr'><strong>maris</strong></span> <span class='ocrx_word' id='word_1_109' title='bbox 610 3491 879 3559; x_wconf 68' lang='lat' dir='ltr'><strong>macula·</strong></span> 
     </span>
    </p>
   </div>
   <div class='ocr_carea' id='block_1_5' title="bbox 91 3677 1122 4467">
    <p class='ocr_par' dir='ltr' id='par_1_15' title="bbox 91 3677 1122 4467">
     <span class='ocr_line' id='line_1_29' title="bbox 91 3677 988 3762; baseline -0.003 -18"><span class='ocrx_word' id='word_1_110' title='bbox 91 3677 191 3745; x_wconf 85' lang='lat' dir='ltr'><strong>Tu</strong></span> <span class='ocrx_word' id='word_1_111' title='bbox 238 3698 309 3743; x_wconf 90' lang='lat' dir='ltr'><strong>es</strong></span> <span class='ocrx_word' id='word_1_112' title='bbox 346 3679 564 3754; x_wconf 85' lang='lat' dir='ltr'><strong>nitens</strong></span> <span class='ocrx_word' id='word_1_113' title='bbox 611 3683 677 3740; x_wconf 84' lang='lat' dir='ltr'><strong>et</strong></span> <span class='ocrx_word' id='word_1_114' title='bbox 720 3695 988 3762; x_wconf 86' lang='lat' dir='ltr'><strong>serena,</strong></span> 
     </span>
     <span class='ocr_line' id='line_1_30' title="bbox 180 3777 963 3862; baseline -0.004 -17"><span class='ocrx_word' id='word_1_115' title='bbox 180 3788 247 3845; x_wconf 83' lang='lat' dir='ltr'><strong>te</strong></span> <span class='ocrx_word' id='word_1_116' title='bbox 294 3777 669 3846; x_wconf 80' lang='lat' dir='ltr'><strong>collaudant</strong></span> <span class='ocrx_word' id='word_1_117' title='bbox 711 3779 963 3862; x_wconf 74' lang='lat' dir='ltr'><strong>angeli,</strong></span> 
     </span>
     <span class='ocr_line' id='line_1_31' title="bbox 94 3879 932 3963; baseline -0.004 -15"><span class='ocrx_word' id='word_1_118' title='bbox 94 3889 183 3948; x_wconf 81' lang='lat' dir='ltr'><strong>tu·</strong></span> <span class='ocrx_word' id='word_1_119' title='bbox 209 3902 281 3956; x_wconf 87' lang='lat' dir='ltr'><strong>es</strong></span> <span class='ocrx_word' id='word_1_120' title='bbox 325 3901 492 3947; x_wconf 84' lang='lat' dir='ltr'><strong>vera</strong></span> <span class='ocrx_word' id='word_1_121' title='bbox 535 3879 686 3950; x_wconf 81' lang='lat' dir='ltr'><strong>vitis</strong></span> <span class='ocrx_word' id='word_1_122' title='bbox 729 3899 932 3963; x_wconf 82' lang='lat' dir='ltr'><strong>vena,</strong></span> 
     </span>
     <span class='ocr_line' id='line_1_32' title="bbox 181 3984 869 4067; baseline -0.003 -18"><span class='ocrx_word' id='word_1_123' title='bbox 181 3985 326 4050; x_wconf 89' lang='lat' dir='ltr'><strong>laus</strong></span> <span class='ocrx_word' id='word_1_124' title='bbox 367 3986 574 4050; x_wconf 82' lang='lat' dir='ltr'><strong>totius</strong></span> <span class='ocrx_word' id='word_1_125' title='bbox 613 3984 837 4067; x_wconf 82' lang='lat' dir='ltr'><strong>populi</strong></span> <span class='ocrx_word' id='word_1_126' title='bbox 850 4031 869 4067; x_wconf 94' lang='lat'><strong>,</strong></span> 
     </span>
     <span class='ocr_line' id='line_1_33' title="bbox 101 4089 1003 4174; baseline 0.001 -20"><span class='ocrx_word' id='word_1_127' title='bbox 101 4096 171 4154; x_wconf 81' lang='lat' dir='ltr'><strong>tu</strong></span> <span class='ocrx_word' id='word_1_128' title='bbox 212 4108 285 4153; x_wconf 89' lang='lat' dir='ltr'><strong>es</strong></span> <span class='ocrx_word' id='word_1_129' title='bbox 331 4099 527 4174; x_wconf 87' lang='lat' dir='ltr'><strong>atque</strong></span> <span class='ocrx_word' id='word_1_130' title='bbox 571 4089 764 4172; x_wconf 80' lang='lat' dir='ltr'><strong>virgo</strong></span> <span class='ocrx_word' id='word_1_131' title='bbox 806 4090 1003 4174; x_wconf 77' lang='lat' dir='ltr'><strong>plena</strong></span> 
     </span>
     <span class='ocr_line' id='line_1_34' title="bbox 190 4193 825 4278; baseline 0.003 -24"><span class='ocrx_word' id='word_1_132' title='bbox 190 4193 450 4275; x_wconf 86' lang='lat' dir='ltr'><strong>spiritus</strong></span> <span class='ocrx_word' id='word_1_133' title='bbox 493 4193 825 4278; x_wconf 84' lang='lat' dir='ltr'><strong>paracliti,</strong></span> 
     </span>
     <span class='ocr_line' id='line_1_35' title="bbox 109 4289 1122 4381; baseline 0.004 -21"><span class='ocrx_word' id='word_1_134' title='bbox 109 4289 425 4360; x_wconf 75' lang='lat' dir='ltr'>Christum</span> <span class='ocrx_word' id='word_1_135' title='bbox 468 4296 648 4379; x_wconf 87' lang='lat' dir='ltr'><strong>paris</strong></span> <span class='ocrx_word' id='word_1_136' title='bbox 692 4296 831 4359; x_wconf 86' lang='lat' dir='ltr'><strong>sine</strong></span> <span class='ocrx_word' id='word_1_137' title='bbox 873 4313 1071 4381; x_wconf 83' lang='lat' dir='ltr'><strong>poena</strong></span> <span class='ocrx_word' id='word_1_138' title='bbox 1111 4359 1122 4364; x_wconf 76' lang='grc'><strong><em>,</em></strong></span> 
     </span>
     <span class='ocr_line' id='line_1_36' title="bbox 185 4396 862 4467; baseline 0.01 -9"><span class='ocrx_word' id='word_1_139' title='bbox 185 4396 580 4467; x_wconf 69' lang='lat' dir='ltr'><strong>salvatorem</strong></span> <span class='ocrx_word' id='word_1_140' title='bbox 623 4401 862 4467; x_wconf 82' lang='lat' dir='ltr'><strong>saeouli.</strong></span> 
     </span>
    </p>
   </div>
   <div class='ocr_carea' id='block_1_6' title="bbox 51 4568 1038 4776">
    <p class='ocr_par' dir='ltr' id='par_1_16' title="bbox 51 4534 1038 4776">
     <span class='ocr_line' id='line_1_37' title="bbox 51 4568 853 4683; baseline 0.006 -40"><span class='ocrx_word' id='word_1_141' title='bbox 51 4677 56 4683; x_wconf 21' lang='lat'><strong>·</strong></span> <span class='ocrx_word' id='word_1_142' title='bbox 118 4568 175 4640; x_wconf 85' lang='grc'><strong>0</strong></span> <span class='ocrx_word' id='word_1_143' title='bbox 216 4576 460 4656; x_wconf 76' lang='lat' dir='ltr'><strong>regina·</strong></span> <span class='ocrx_word' id='word_1_144' title='bbox 479 4581 853 4664; x_wconf 75' lang='lat' dir='ltr'><strong>angelorum</strong></span> 
     </span>
     <span class='ocr_line' id='line_1_38' title="bbox 199 4683 1038 4776; baseline -0.008 -14"><span class='ocrx_word' id='word_1_145' title='bbox 199 4683 389 4762; x_wconf 57' lang='lat' dir='ltr'><strong>&amp;uiue</strong></span> <span class='ocrx_word' id='word_1_146' title='bbox 428 4685 640 4773; x_wconf 79' lang='lat' dir='ltr'><strong>mundi</strong></span> <span class='ocrx_word' id='word_1_147' title='bbox 683 4686 972 4776; x_wconf 81' lang='lat' dir='ltr'><strong>domina,</strong></span> <span class='ocrx_word' id='word_1_148' title='bbox 1033 4737 1038 4743; x_wconf 79' lang='lat'><strong><em>.</em></strong></span> 
     </span>
    </p>
   </div>
   <div class='ocr_carea' id='block_1_7' title="bbox 1267 539 1357 619">
    <p class='ocr_par' dir='ltr' id='par_1_17' title="bbox 1267 539 1357 619">
     <span class='ocr_line' id='line_1_39' title="bbox 1267 539 1357 619; baseline 0.011 -1"><span class='ocrx_word' id='word_1_149' title='bbox 1267 539 1357 619; x_wconf 74' lang='grc' dir='ltr'><strong>’το</strong></span> 
     </span>
    </p>
   </div>
   <div class='ocr_carea' id='block_1_8' title="bbox 1271 1147 1353 1210">
    <p class='ocr_par' dir='ltr' id='par_1_18' title="bbox 1271 1147 1353 1210">
     <span class='ocr_line' id='line_1_40' title="bbox 1271 1147 1353 1210; baseline 0 0"><span class='ocrx_word' id='word_1_150' title='bbox 1271 1147 1353 1210; x_wconf 79' lang='grc'><strong>75</strong></span> 
     </span>
    </p>
   </div>
   <div class='ocr_carea' id='block_1_9' title="bbox 1453 445 2398 1042">
    <p class='ocr_par' dir='ltr' id='par_1_19' title="bbox 1453 445 2315 542">
     <span class='ocr_line' id='line_1_41' title="bbox 1453 445 2315 542; baseline 0.008 -25"><span class='ocrx_word' id='word_1_151' title='bbox 1453 453 1842 536; x_wconf 72' lang='lat' dir='ltr'><strong>&#39;imperatrix</strong></span> <span class='ocrx_word' id='word_1_152' title='bbox 1884 445 2315 542; x_wconf 71' lang='lat' dir='ltr'><strong>infernorum,</strong></span> 
     </span>
    </p>

    <p class='ocr_par' dir='ltr' id='par_1_20' title="bbox 1460 554 2398 941">
     <span class='ocr_line' id='line_1_42' title="bbox 1500 554 2235 642; baseline 0.007 -23"><span class='ocrx_word' id='word_1_153' title='bbox 1500 554 1507 562; x_wconf 82' lang='lat'><strong>&#39;</strong></span> <span class='ocrx_word' id='word_1_154' title='bbox 1549 556 1712 622; x_wconf 87' lang='lat' dir='ltr'><strong>hera</strong></span> <span class='ocrx_word' id='word_1_155' title='bbox 1748 558 2235 642; x_wconf 85' lang='lat' dir='ltr'><strong>sublimissima,</strong></span> 
     </span>
     <span class='ocr_line' id='line_1_43' title="bbox 1460 662 2398 749; baseline 0.007 -26"><span class='ocrx_word' id='word_1_156' title='bbox 1460 679 1626 726; x_wconf 81' lang='lat' dir='ltr'><strong>vera</strong></span> <span class='ocrx_word' id='word_1_157' title='bbox 1672 665 1881 725; x_wconf 82' lang='lat' dir='ltr'><strong>mater</strong></span> <span class='ocrx_word' id='word_1_158' title='bbox 1925 662 2360 745; x_wconf 79' lang='lat' dir='ltr'><strong>orphanorum</strong></span> <span class='ocrx_word' id='word_1_159' title='bbox 2380 714 2398 749; x_wconf 93' lang='lat'><strong>,</strong></span> 
     </span>
     <span class='ocr_line' id='line_1_44' title="bbox 1545 766 2357 851; baseline 0.006 -23"><span class='ocrx_word' id='word_1_160' title='bbox 1545 766 1798 850; x_wconf 85' lang='lat' dir='ltr'><strong>piarum</strong></span> <span class='ocrx_word' id='word_1_161' title='bbox 1840 768 2164 851; x_wconf 84' lang='lat' dir='ltr'><strong>piissima,</strong></span> <span class='ocrx_word' id='word_1_162' title='bbox 2294 776 2299 780; x_wconf 81' lang='grc'><strong>’</strong></span> <span class='ocrx_word' id='word_1_163' title='bbox 2352 785 2357 792; x_wconf 93' lang='grc'><em>·</em></span> 
     </span>
     <span class='ocr_line' id='line_1_45' title="bbox 1461 873 2283 941; baseline 0.006 -5"><span class='ocrx_word' id='word_1_164' title='bbox 1461 891 1626 937; x_wconf 83' lang='lat' dir='ltr'><strong>vera</strong></span> <span class='ocrx_word' id='word_1_165' title='bbox 1668 873 1845 937; x_wconf 86' lang='lat' dir='ltr'><strong>salus</strong></span> <span class='ocrx_word' id='word_1_166' title='bbox 1886 873 2283 941; x_wconf 83' lang='lat' dir='ltr'><strong>infirmorum</strong></span> 
     </span>
    </p>

    <p class='ocr_par' dir='ltr' id='par_1_21' title="bbox 1549 976 2115 1042">
     <span class='ocr_line' id='line_1_46' title="bbox 1549 976 2115 1042; baseline 0 -2"><span class='ocrx_word' id='word_1_167' title='bbox 1549 994 1710 1041; x_wconf 89' lang='lat' dir='ltr'><strong>sana</strong></span> <span class='ocrx_word' id='word_1_168' title='bbox 1756 996 1899 1041; x_wconf 88' lang='lat' dir='ltr'><strong>mea</strong></span> <span class='ocrx_word' id='word_1_169' title='bbox 1943 976 2115 1042; x_wconf 85' lang='lat' dir='ltr'><strong>vitia.</strong></span> 
     </span>
    </p>
   </div>
   <div class='ocr_carea' id='block_1_10' title="bbox 2630 767 2713 836">
    <p class='ocr_par' dir='ltr' id='par_1_22' title="bbox 2630 767 2713 836">
     <span class='ocr_line' id='line_1_47' title="bbox 2630 767 2713 836; baseline 0.036 -3"><span class='ocrx_word' id='word_1_170' title='bbox 2630 767 2713 836; x_wconf 84' lang='lat'><strong>10</strong></span> 
     </span>
    </p>
   </div>
   <div class='ocr_carea' id='block_1_11' title="bbox 1459 1178 2469 1577">
    <p class='ocr_par' dir='ltr' id='par_1_23' title="bbox 1459 1178 2469 1472">
     <span class='ocr_line' id='line_1_48' title="bbox 1459 1178 2469 1265; baseline 0.004 -21"><span class='ocrx_word' id='word_1_171' title='bbox 1459 1178 1571 1244; x_wconf 87' lang='lat' dir='ltr'><strong>Me</strong></span> <span class='ocrx_word' id='word_1_172' title='bbox 1616 1181 1952 1246; x_wconf 85' lang='lat' dir='ltr'><strong>molestum</strong></span> <span class='ocrx_word' id='word_1_173' title='bbox 1999 1188 2066 1247; x_wconf 85' lang='lat' dir='ltr'><strong>et</strong></span> <span class='ocrx_word' id='word_1_174' title='bbox 2110 1182 2469 1265; x_wconf 74' lang='lat' dir='ltr'><strong>lugentem,</strong></span> 
     </span>
     <span class='ocr_line' id='line_1_49' title="bbox 1546 1283 2361 1368; baseline 0.004 -21"><span class='ocrx_word' id='word_1_175' title='bbox 1546 1283 1657 1367; x_wconf 88' lang='lat' dir='ltr'><strong>pia</strong></span> <span class='ocrx_word' id='word_1_176' title='bbox 1700 1293 1938 1366; x_wconf 85' lang='lat' dir='ltr'><strong>mater,</strong></span> <span class='ocrx_word' id='word_1_177' title='bbox 1984 1286 2289 1368; x_wconf 66' lang='lat' dir='ltr'><strong>respice,</strong></span> <span class='ocrx_word' id='word_1_178' title='bbox 2356 1336 2361 1340; x_wconf 90' lang='lat'>.</span> 
     </span>
     <span class='ocr_line' id='line_1_50' title="bbox 1460 1388 2408 1472; baseline -0.002 -16"><span class='ocrx_word' id='word_1_179' title='bbox 1460 1408 1620 1456; x_wconf 83' lang='lat' dir='ltr'><strong>sana</strong></span> <span class='ocrx_word' id='word_1_180' title='bbox 1654 1391 1728 1453; x_wconf 55' lang='lat' dir='ltr'><strong>‘in</strong></span> <span class='ocrx_word' id='word_1_181' title='bbox 1779 1398 1844 1454; x_wconf 91' lang='lat' dir='ltr'><strong>te</strong></span> <span class='ocrx_word' id='word_1_182' title='bbox 1891 1388 2357 1472; x_wconf 75' lang='lat' dir='ltr'><strong>confidentem,</strong></span> <span class='ocrx_word' id='word_1_183' title='bbox 2402 1405 2408 1410; x_wconf 86' lang='grc'><strong><em>·</em></strong></span> 
     </span>
    </p>

    <p class='ocr_par' dir='ltr' id='par_1_24' title="bbox 1547 1492 2255 1577">
     <span class='ocr_line' id='line_1_51' title="bbox 1547 1492 2255 1577; baseline 0.001 -20"><span class='ocrx_word' id='word_1_184' title='bbox 1547 1501 1756 1558; x_wconf 87' lang='lat' dir='ltr'><strong>mater</strong></span> <span class='ocrx_word' id='word_1_185' title='bbox 1798 1492 2255 1577; x_wconf 74' lang='lat' dir='ltr'><strong>indulgentiae,</strong></span> 
     </span>
    </p>
   </div>
   <div class='ocr_carea' id='block_1_12' title="bbox 2623 1391 2707 1454">
    <p class='ocr_par' dir='ltr' id='par_1_25' title="bbox 2623 1391 2707 1454">
     <span class='ocr_line' id='line_1_52' title="bbox 2623 1391 2707 1454; baseline 0.012 -1"><span class='ocrx_word' id='word_1_186' title='bbox 2623 1391 2707 1454; x_wconf 83' lang='lat'><strong>15</strong></span> 
     </span>
    </p>
   </div>
   <div class='ocr_carea' id='block_1_13' title="bbox 1345 1575 2333 1681">
    <p class='ocr_par' dir='ltr' id='par_1_26' title="bbox 1345 1575 2333 1681">
     <span class='ocr_line' id='line_1_53' title="bbox 1345 1575 2333 1681; baseline 0.01 -29"><span class='ocrx_word' id='word_1_187' title='bbox 1345 1649 1348 1652; x_wconf 76' lang='grc'><em>,</em></span> <span class='ocrx_word' id='word_1_188' title='bbox 1456 1605 1872 1681; x_wconf 79' lang='lat' dir='ltr'><strong>peecatorem</strong></span> <span class='ocrx_word' id='word_1_189' title='bbox 1916 1575 2333 1680; x_wconf 70' lang='lat' dir='ltr'><strong>poenitentein</strong></span> 
     </span>
    </p>
   </div>
   <div class='ocr_carea' id='block_1_14' title="bbox 1249 1672 1353 1776">
    <p class='ocr_par' dir='ltr' id='par_1_27' title="bbox 1249 1672 1353 1776">
     <span class='ocr_line' id='line_1_54' title="bbox 1249 1672 1353 1776; baseline -0.01 -37"><span class='ocrx_word' id='word_1_190' title='bbox 1249 1672 1353 1776; x_wconf 18' lang='lat' dir='ltr'><strong>,so</strong></span> 
     </span>
    </p>
   </div>
   <div class='ocr_carea' id='block_1_15' title="bbox 1267 2271 1356 2340">
    <p class='ocr_par' dir='ltr' id='par_1_28' title="bbox 1267 2271 1356 2340">
     <span class='ocr_line' id='line_1_55' title="bbox 1267 2271 1356 2340; baseline -0.067 0"><span class='ocrx_word' id='word_1_191' title='bbox 1267 2271 1356 2340; x_wconf 78' lang='lat'><strong>85</strong></span> 
     </span>
    </p>
   </div>
   <div class='ocr_carea' id='block_1_16' title="bbox 1268 2871 1351 2936">
    <p class='ocr_par' dir='ltr' id='par_1_29' title="bbox 1268 2871 1351 2936">
     <span class='ocr_line' id='line_1_56' title="bbox 1268 2871 1351 2936; baseline -0.036 0"><span class='ocrx_word' id='word_1_192' title='bbox 1268 2871 1351 2936; x_wconf 83' lang='lat'><strong>90</strong></span> 
     </span>
    </p>
   </div>
   <div class='ocr_carea' id='block_1_17' title="bbox 1265 3390 1350 3464">
    <p class='ocr_par' dir='ltr' id='par_1_30' title="bbox 1265 3390 1350 3464">
     <span class='ocr_line' id='line_1_57' title="bbox 1265 3390 1350 3464; baseline 0.094 -8"><span class='ocrx_word' id='word_1_193' title='bbox 1265 3390 1350 3464; x_wconf 75' lang='lat'><strong>95</strong></span> 
     </span>
    </p>
   </div>
   <div class='ocr_carea' id='block_1_18' title="bbox 1454 1699 2704 2926">
    <p class='ocr_par' dir='ltr' id='par_1_31' title="bbox 1454 1699 2704 2926">
     <span class='ocr_line' id='line_1_58' title="bbox 1543 1699 2450 1783; baseline 0.001 -21"><span class='ocrx_word' id='word_1_194' title='bbox 1543 1719 1626 1763; x_wconf 89' lang='lat' dir='ltr'><strong>ne</strong></span> <span class='ocrx_word' id='word_1_195' title='bbox 1673 1699 1938 1763; x_wconf 77' lang='lat' dir='ltr'><strong>damnes</strong></span> <span class='ocrx_word' id='word_1_196' title='bbox 1983 1717 2105 1783; x_wconf 88' lang='lat' dir='ltr'><strong>pro</strong></span> <span class='ocrx_word' id='word_1_197' title='bbox 2153 1700 2450 1782; x_wconf 83' lang='lat' dir='ltr'><strong>erimine,</strong></span> 
     </span>
     <span class='ocr_line' id='line_1_59' title="bbox 1456 1799 2669 1884; baseline 0.002 -20"><span class='ocrx_word' id='word_1_198' title='bbox 1456 1801 1523 1864; x_wconf 90' lang='lat' dir='ltr'><strong>in</strong></span> <span class='ocrx_word' id='word_1_199' title='bbox 1569 1808 1635 1865; x_wconf 86' lang='lat' dir='ltr'><strong>te</strong></span> <span class='ocrx_word' id='word_1_200' title='bbox 1678 1799 1815 1884; x_wconf 83' lang='lat' dir='ltr'><strong>figo</strong></span> <span class='ocrx_word' id='word_1_201' title='bbox 1861 1820 2065 1864; x_wconf 84' lang='lat' dir='ltr'><strong>meam</strong></span> <span class='ocrx_word' id='word_1_202' title='bbox 2108 1808 2419 1884; x_wconf 78' lang='lat' dir='ltr'><strong>mentem,</strong></span> <span class='ocrx_word' id='word_1_203' title='bbox 2662 1819 2669 1826; x_wconf 90' lang='lat'><strong>·</strong></span> 
     </span>
     <span class='ocr_line' id='line_1_60' title="bbox 1544 1905 2704 1990; baseline 0.003 -21"><span class='ocrx_word' id='word_1_204' title='bbox 1544 1905 1681 1970; x_wconf 88' lang='lat' dir='ltr'><strong>noli</strong></span> <span class='ocrx_word' id='word_1_205' title='bbox 1723 1925 1825 1970; x_wconf 87' lang='lat' dir='ltr'><strong>me</strong></span> <span class='ocrx_word' id='word_1_206' title='bbox 1870 1906 2253 1990; x_wconf 83' lang='lat' dir='ltr'><strong>relinquere.</strong></span> <span class='ocrx_word' id='word_1_207' title='bbox 2286 1921 2289 1926; x_wconf 88' lang='grc'><em>·</em></span> <span class='ocrx_word' id='word_1_208' title='bbox 2620 1907 2704 1972; x_wconf 86' lang='grc'><strong>20</strong></span> 
     </span>
     <span class='ocr_line' id='line_1_61' title="bbox 1456 2112 2426 2197; baseline -0.002 -18"><span class='ocrx_word' id='word_1_209' title='bbox 1456 2112 1799 2194; x_wconf 84' lang='lat' dir='ltr'><strong>Nunquam</strong></span> <span class='ocrx_word' id='word_1_210' title='bbox 1842 2113 2017 2176; x_wconf 90' lang='lat' dir='ltr'><strong>sinas</strong></span> <span class='ocrx_word' id='word_1_211' title='bbox 2060 2132 2163 2177; x_wconf 86' lang='lat' dir='ltr'><strong>me</strong></span> <span class='ocrx_word' id='word_1_212' title='bbox 2208 2113 2426 2197; x_wconf 84' lang='lat' dir='ltr'><strong>perire</strong></span> 
     </span>
     <span class='ocr_line' id='line_1_62' title="bbox 1495 2213 2086 2300; baseline 0 -20"><span class='ocrx_word' id='word_1_213' title='bbox 1495 2249 1500 2252; x_wconf 85' lang='lat'>-</span> <span class='ocrx_word' id='word_1_214' title='bbox 1544 2216 1684 2280; x_wconf 86' lang='lat' dir='ltr'><strong>sine</strong></span> <span class='ocrx_word' id='word_1_215' title='bbox 1728 2213 2086 2300; x_wconf 70' lang='lat' dir='ltr'><strong>adJut&#39;eriO,</strong></span> 
     </span>
     <span class='ocr_line' id='line_1_63' title="bbox 1456 2315 2288 2401; baseline -0.002 -19"><span class='ocrx_word' id='word_1_216' title='bbox 1456 2337 1559 2382; x_wconf 85' lang='lat' dir='ltr'><strong>me</strong></span> <span class='ocrx_word' id='word_1_217' title='bbox 1604 2317 1893 2401; x_wconf 73' lang='lat' dir='ltr'><strong>digneris</strong></span> <span class='ocrx_word' id='word_1_218' title='bbox 1939 2315 2288 2400; x_wconf 85' lang='lat' dir='ltr'><strong>exaudire,</strong></span> 
     </span>
     <span class='ocr_line' id='line_1_64' title="bbox 1544 2419 2287 2503; baseline -0.001 -18"><span class='ocrx_word' id='word_1_219' title='bbox 1544 2419 1803 2503; x_wconf 86' lang='lat' dir='ltr'><strong>quando</strong></span> <span class='ocrx_word' id='word_1_220' title='bbox 1848 2427 1913 2482; x_wconf 87' lang='lat' dir='ltr'><strong>te</strong></span> <span class='ocrx_word' id='word_1_221' title='bbox 1957 2436 2287 2484; x_wconf 79' lang='lat' dir='ltr'><strong>vocavero</strong></span> 
     </span>
     <span class='ocr_line' id='line_1_65' title="bbox 1456 2519 2415 2602; baseline -0.004 -12"><span class='ocrx_word' id='word_1_222' title='bbox 1456 2519 1525 2590; x_wconf 75' lang='lat' dir='ltr'><strong>et&#39;</strong></span> <span class='ocrx_word' id='word_1_223' title='bbox 1566 2545 1670 2589; x_wconf 88' lang='lat' dir='ltr'><strong>me</strong></span> <span class='ocrx_word' id='word_1_224' title='bbox 1714 2525 1829 2590; x_wconf 76' lang='lat' dir='ltr'><strong>tibi</strong></span> <span class='ocrx_word' id='word_1_225' title='bbox 1871 2524 1978 2589; x_wconf 84' lang='lat' dir='ltr'><strong>fao</strong></span> <span class='ocrx_word' id='word_1_226' title='bbox 2022 2525 2272 2588; x_wconf 88' lang='lat' dir='ltr'><strong>servire</strong></span> <span class='ocrx_word' id='word_1_227' title='bbox 2411 2598 2415 2602; x_wconf 33' lang='lat'>‚</span> 
     </span>
     <span class='ocr_line' id='line_1_66' title="bbox 1541 2617 2349 2713; baseline -0.002 -18"><span class='ocrx_word' id='word_1_228' title='bbox 1541 2617 1680 2713; x_wconf 73' lang='lat' dir='ltr'><strong>hio,</strong></span> <span class='ocrx_word' id='word_1_229' title='bbox 1727 2649 1916 2713; x_wconf 91' lang='lat' dir='ltr'><strong>quam</strong></span> <span class='ocrx_word' id='word_1_230' title='bbox 1964 2629 2073 2694; x_wconf 89' lang='lat' dir='ltr'><strong>diu</strong></span> <span class='ocrx_word' id='word_1_231' title='bbox 2117 2629 2349 2693; x_wconf 84' lang='lat' dir='ltr'><strong>vixero</strong></span> 
     </span>
     <span class='ocr_line' id='line_1_67' title="bbox 1454 2732 2258 2817; baseline -0.001 -18"><span class='ocrx_word' id='word_1_232' title='bbox 1454 2734 1781 2817; x_wconf 78' lang='lat' dir='ltr'><strong>vitamque</strong></span> <span class='ocrx_word' id='word_1_233' title='bbox 1825 2753 2034 2799; x_wconf 89' lang='lat' dir='ltr'><strong>meam</strong></span> <span class='ocrx_word' id='word_1_234' title='bbox 2071 2732 2258 2798; x_wconf 87' lang='lat' dir='ltr'><strong>finire</strong></span> 
     </span>
     <span class='ocr_line' id='line_1_68' title="bbox 1539 2838 2195 2926; baseline -0.005 -23"><span class='ocrx_word' id='word_1_235' title='bbox 1539 2839 1609 2903; x_wconf 89' lang='lat' dir='ltr'><strong>in</strong></span> <span class='ocrx_word' id='word_1_236' title='bbox 1655 2846 1767 2902; x_wconf 86' lang='lat' dir='ltr'><strong>tuo</strong></span> <span class='ocrx_word' id='word_1_237' title='bbox 1812 2838 2096 2902; x_wconf 87' lang='lat' dir='ltr'><strong>servitio.</strong></span> <span class='ocrx_word' id='word_1_238' title='bbox 2185 2916 2195 2926; x_wconf 39' lang='lat'><strong>·</strong></span> 
     </span>
    </p>
   </div>
   <div class='ocr_carea' id='block_1_19' title="bbox 2620 2523 2705 2589">
    <p class='ocr_par' dir='ltr' id='par_1_32' title="bbox 2620 2523 2705 2589">
     <span class='ocr_line' id='line_1_69' title="bbox 2620 2523 2705 2589; baseline 0 0"><span class='ocrx_word' id='word_1_239' title='bbox 2620 2523 2705 2589; x_wconf 78' lang='lat'><strong>²5</strong></span> 
     </span>
    </p>
   </div>
   <div class='ocr_carea' id='block_1_20' title="bbox 1453 3044 2497 3442">
    <p class='ocr_par' dir='ltr' id='par_1_33' title="bbox 1453 3044 2417 3233">
     <span class='ocr_line' id='line_1_70' title="bbox 1453 3044 2417 3130; baseline -0.005 -18"><span class='ocrx_word' id='word_1_240' title='bbox 1453 3045 1567 3113; x_wconf 82' lang='lat' dir='ltr'><strong>Me</strong></span> <span class='ocrx_word' id='word_1_241' title='bbox 1611 3044 1898 3128; x_wconf 80' lang='lat' dir='ltr'><strong>digneris</strong></span> <span class='ocrx_word' id='word_1_242' title='bbox 1943 3062 2316 3130; x_wconf 80' lang='lat' dir='ltr'><strong>expurgare</strong></span> <span class='ocrx_word' id='word_1_243' title='bbox 2410 3045 2417 3052; x_wconf 83' lang='grc'>’</span> 
     </span>
     <span class='ocr_line' id='line_1_71' title="bbox 1542 3149 2308 3233; baseline -0.003 -19"><span class='ocrx_word' id='word_1_244' title='bbox 1542 3170 1584 3214; x_wconf 90' lang='lat' dir='ltr'><strong>a</strong></span> <span class='ocrx_word' id='word_1_245' title='bbox 1627 3149 1792 3213; x_wconf 81' lang='lat' dir='ltr'><strong>faeoe</strong></span> <span class='ocrx_word' id='word_1_246' title='bbox 1837 3149 2308 3233; x_wconf 78' lang='lat' dir='ltr'><strong>peccaminum,</strong></span> 
     </span>
    </p>

    <p class='ocr_par' dir='ltr' id='par_1_34' title="bbox 1454 3241 2497 3442">
     <span class='ocr_line' id='line_1_72' title="bbox 1454 3241 2497 3336; baseline -0.003 -16"><span class='ocrx_word' id='word_1_247' title='bbox 1454 3252 1654 3320; x_wconf 79' lang='lat' dir='ltr'><strong>credo</strong></span> <span class='ocrx_word' id='word_1_248' title='bbox 1700 3241 1873 3336; x_wconf 66' lang='lat' dir='ltr'><strong>qued</strong></span> <span class='ocrx_word' id='word_1_249' title='bbox 1916 3271 2019 3316; x_wconf 91' lang='lat' dir='ltr'><strong>me</strong></span> <span class='ocrx_word' id='word_1_250' title='bbox 2067 3250 2497 3317; x_wconf 80' lang='lat' dir='ltr'><strong>condemnare</strong></span> 
     </span>
     <span class='ocr_line' id='line_1_73' title="bbox 1538 3356 2462 3442; baseline -0.001 -19"><span class='ocrx_word' id='word_1_251' title='bbox 1538 3376 1668 3423; x_wconf 88' lang='lat' dir='ltr'><strong>non</strong></span> <span class='ocrx_word' id='word_1_252' title='bbox 1706 3356 1806 3422; x_wconf 87' lang='lat' dir='ltr'><strong>vis</strong></span> <span class='ocrx_word' id='word_1_253' title='bbox 1852 3358 1948 3423; x_wconf 84' lang='lat' dir='ltr'><strong>sio</strong></span> <span class='ocrx_word' id='word_1_254' title='bbox 1999 3364 2462 3442; x_wconf 79' lang='lat' dir='ltr'><strong>expurgatnm5</strong></span> 
     </span>
    </p>
   </div>
   <div class='ocr_carea' id='block_1_21' title="bbox 2615 3149 2701 3214">
    <p class='ocr_par' dir='ltr' id='par_1_35' title="bbox 2615 3149 2701 3214">
     <span class='ocr_line' id='line_1_74' title="bbox 2615 3149 2701 3214; baseline 0.012 -1"><span class='ocrx_word' id='word_1_255' title='bbox 2615 3149 2701 3214; x_wconf 84' lang='lat'><strong>30</strong></span> 
     </span>
    </p>
   </div>
   <div class='ocr_carea' id='block_1_22' title="bbox 1331 3460 2309 3545">
    <p class='ocr_par' dir='ltr' id='par_1_36' title="bbox 1331 3460 2309 3545">
     <span class='ocr_line' id='line_1_75' title="bbox 1331 3460 2309 3545; baseline -0.005 -17"><span class='ocrx_word' id='word_1_256' title='bbox 1331 3532 1338 3540; x_wconf 59' lang='grc'>,</span> <span class='ocrx_word' id='word_1_257' title='bbox 1453 3480 1495 3527; x_wconf 87' lang='lat' dir='ltr'><strong>o</strong></span> <span class='ocrx_word' id='word_1_258' title='bbox 1539 3463 1789 3545; x_wconf 83' lang='lat' dir='ltr'><strong>Maria,</strong></span> <span class='ocrx_word' id='word_1_259' title='bbox 1834 3460 2218 3543; x_wconf 82' lang='lat' dir='ltr'><strong>recordare,</strong></span> <span class='ocrx_word' id='word_1_260' title='bbox 2304 3511 2309 3516; x_wconf 90' lang='lat'><em>.</em></span> 
     </span>
    </p>
   </div>
   <div class='ocr_carea' id='block_1_23' title="bbox 1221 3988 1347 4054">
    <p class='ocr_par' dir='ltr' id='par_1_37' title="bbox 1221 3988 1347 4054">
     <span class='ocr_line' id='line_1_76' title="bbox 1221 3988 1347 4054; baseline 0.024 -3"><span class='ocrx_word' id='word_1_261' title='bbox 1221 3988 1347 4054; x_wconf 85' lang='lat'><strong>100</strong></span> 
     </span>
    </p>
   </div>
   <div class='ocr_carea' id='block_1_24' title="bbox 1453 3564 2326 3839">
    <p class='ocr_par' dir='ltr' id='par_1_38' title="bbox 1453 3564 2326 3839">
     <span class='ocr_line' id='line_1_77' title="bbox 1542 3564 2220 3650; baseline -0.004 -19"><span class='ocrx_word' id='word_1_262' title='bbox 1542 3565 1718 3650; x_wconf 88' lang='lat' dir='ltr'><strong>quod</strong></span> <span class='ocrx_word' id='word_1_263' title='bbox 1760 3564 1978 3630; x_wconf 82' lang='lat' dir='ltr'><strong>vidisti</strong></span> <span class='ocrx_word' id='word_1_264' title='bbox 2022 3564 2220 3629; x_wconf 87' lang='lat' dir='ltr'><strong>filium</strong></span> 
     </span>
     <span class='ocr_line' id='line_1_78' title="bbox 1453 3670 2308 3754; baseline -0.002 -19"><span class='ocrx_word' id='word_1_265' title='bbox 1453 3672 1633 3754; x_wconf 78' lang='lat' dir='ltr'><strong>ligno</strong></span> <span class='ocrx_word' id='word_1_266' title='bbox 1679 3671 1891 3736; x_wconf 77' lang='lat' dir='ltr'><strong>crucis</strong></span> <span class='ocrx_word' id='word_1_267' title='bbox 1938 3670 2308 3753; x_wconf 81' lang='lat' dir='ltr'><strong>exspirare,</strong></span> 
     </span>
     <span class='ocr_line' id='line_1_79' title="bbox 1537 3773 2326 3839; baseline -0.005 0"><span class='ocrx_word' id='word_1_268' title='bbox 1537 3782 1611 3839; x_wconf 84' lang='lat' dir='ltr'><strong>ut</strong></span> <span class='ocrx_word' id='word_1_269' title='bbox 1655 3774 1942 3838; x_wconf 85' lang='lat' dir='ltr'><strong>salvaret</strong></span> <span class='ocrx_word' id='word_1_270' title='bbox 1987 3773 2326 3839; x_wconf 79' lang='lat' dir='ltr'><strong>saeculum!</strong></span> 
     </span>
    </p>
   </div>
   <div class='ocr_carea' id='block_1_25' title="bbox 2616 3667 2700 3731">
    <p class='ocr_par' dir='ltr' id='par_1_39' title="bbox 2616 3667 2700 3731">
     <span class='ocr_line' id='line_1_80' title="bbox 2616 3667 2700 3731; baseline 0 0"><span class='ocrx_word' id='word_1_271' title='bbox 2616 3667 2700 3731; x_wconf 77' lang='lat'><strong>3⁵</strong></span> 
     </span>
    </p>
   </div>
   <div class='ocr_carea' id='block_1_26' title="bbox 1449 3923 2324 4253">
    <p class='ocr_par' dir='ltr' id='par_1_40' title="bbox 1449 3923 2324 4253">
     <span class='ocr_line' id='line_1_81' title="bbox 1451 3923 2261 4034; baseline -0.006 -5"><span class='ocrx_word' id='word_1_272' title='bbox 1451 3923 1657 4034; x_wconf 79' lang='lat' dir='ltr'><strong>Juxta</strong></span> <span class='ocrx_word' id='word_1_273' title='bbox 1700 3979 1955 4026; x_wconf 79' lang='lat' dir='ltr'><strong>erucem</strong></span> <span class='ocrx_word' id='word_1_274' title='bbox 2002 3960 2261 4025; x_wconf 83' lang='lat' dir='ltr'><strong>astitisti</strong></span> 
     </span>
     <span class='ocr_line' id='line_1_82' title="bbox 1513 4065 2324 4148; baseline -0.002 -16"><span class='ocrx_word' id='word_1_275' title='bbox 1513 4065 1738 4132; x_wconf 60' lang='lat' dir='ltr'><strong>eorde</strong></span> <span class='ocrx_word' id='word_1_276' title='bbox 1782 4084 2049 4148; x_wconf 81' lang='lat' dir='ltr'><strong>gemens</strong></span> <span class='ocrx_word' id='word_1_277' title='bbox 2096 4065 2291 4130; x_wconf 82' lang='lat' dir='ltr'><strong>anxio</strong></span> <span class='ocrx_word' id='word_1_278' title='bbox 2304 4111 2324 4146; x_wconf 90' lang='lat'><strong>,</strong></span> 
     </span>
     <span class='ocr_line' id='line_1_83' title="bbox 1449 4169 2286 4253; baseline -0.002 -18"><span class='ocrx_word' id='word_1_279' title='bbox 1449 4178 1671 4237; x_wconf 82' lang='lat' dir='ltr'><strong>natum</strong></span> <span class='ocrx_word' id='word_1_280' title='bbox 1714 4176 1891 4233; x_wconf 79' lang='lat' dir='ltr'><strong>tuum</strong></span> <span class='ocrx_word' id='word_1_281' title='bbox 1928 4169 2286 4253; x_wconf 79' lang='lat' dir='ltr'><strong>respexisti</strong></span> 
     </span>
    </p>
   </div>
   <div class='ocr_carea' id='block_1_27' title="bbox 1535 4270 2700 4357">
    <p class='ocr_par' dir='ltr' id='par_1_41' title="bbox 1535 4270 2700 4357">
     <span class='ocr_line' id='line_1_84' title="bbox 1535 4270 2700 4357; baseline -0.005 -17"><span class='ocrx_word' id='word_1_282' title='bbox 1535 4273 1701 4342; x_wconf 77' lang='lat' dir='ltr'><strong>mori</strong></span> <span class='ocrx_word' id='word_1_283' title='bbox 1742 4273 1811 4337; x_wconf 77' lang='lat' dir='ltr'><strong>in</strong></span> <span class='ocrx_word' id='word_1_284' title='bbox 1852 4273 2175 4357; x_wconf 75' lang='lat' dir='ltr'><strong>patibulo,</strong></span> <span class='ocrx_word' id='word_1_285' title='bbox 2612 4270 2700 4334; x_wconf 72' lang='grc' dir='ltr'>ιο</span> 
     </span>
    </p>
   </div>
   <div class='ocr_carea' id='block_1_28' title="bbox 1343 4371 2462 4475">
    <p class='ocr_par' dir='ltr' id='par_1_42' title="bbox 1343 4371 2462 4475">
     <span class='ocr_line' id='line_1_85' title="bbox 1343 4371 2462 4475; baseline -0.004 -31"><span class='ocrx_word' id='word_1_286' title='bbox 1343 4426 1353 4435; x_wconf 84' lang='lat'><em>-</em></span> <span class='ocrx_word' id='word_1_287' title='bbox 1452 4371 1671 4475; x_wconf 79' lang='lat' dir='ltr'><strong>dolor,</strong></span> <span class='ocrx_word' id='word_1_288' title='bbox 1721 4396 1911 4460; x_wconf 89' lang='lat' dir='ltr'><strong>quem</strong></span> <span class='ocrx_word' id='word_1_289' title='bbox 1955 4385 2107 4441; x_wconf 84' lang='lat' dir='ltr'><strong>tune</strong></span> <span class='ocrx_word' id='word_1_290' title='bbox 2150 4373 2462 4458; x_wconf 87' lang='lat' dir='ltr'><strong>habuisti,</strong></span> 
     </span>
    </p>
   </div>
   <div class='ocr_carea' id='block_1_29' title="bbox 1451 4476 2279 4668">
    <p class='ocr_par' dir='ltr' id='par_1_43' title="bbox 1451 4476 2279 4668">
     <span class='ocr_line' id='line_1_86' title="bbox 1534 4476 2279 4565; baseline -0.008 -17"><span class='ocrx_word' id='word_1_291' title='bbox 1534 4480 1749 4565; x_wconf 83' lang='lat' dir='ltr'><strong>major</strong></span> <span class='ocrx_word' id='word_1_292' title='bbox 1793 4487 1894 4544; x_wconf 83' lang='lat' dir='ltr'><strong>est</strong></span> <span class='ocrx_word' id='word_1_293' title='bbox 1934 4476 2246 4563; x_wconf 81' lang='lat' dir='ltr'><strong>martyrio</strong></span> <span class='ocrx_word' id='word_1_294' title='bbox 2258 4527 2279 4564; x_wconf 93' lang='lat'><strong>,</strong></span> 
     </span>
     <span class='ocr_line' id='line_1_87' title="bbox 1451 4584 2179 4668; baseline 0 -19"><span class='ocrx_word' id='word_1_295' title='bbox 1451 4584 1569 4650; x_wconf 81' lang='lat' dir='ltr'><strong>sed</strong></span> <span class='ocrx_word' id='word_1_296' title='bbox 1613 4586 1845 4668; x_wconf 80' lang='lat' dir='ltr'><strong>gavisa</strong></span> <span class='ocrx_word' id='word_1_297' title='bbox 1889 4594 1958 4650; x_wconf 85' lang='lat' dir='ltr'><strong>tu</strong></span> <span class='ocrx_word' id='word_1_298' title='bbox 2001 4584 2179 4649; x_wconf 84' lang='lat' dir='ltr'><strong>fuisti</strong></span> 
     </span>
    </p>
   </div>
   <div class='ocr_carea' id='block_1_30' title="bbox 1411 4686 2119 4775">
    <p class='ocr_par' dir='ltr' id='par_1_44' title="bbox 1411 4686 2119 4775">
     <span class='ocr_line' id='line_1_88' title="bbox 1411 4686 2119 4775; baseline 0 -19"><span class='ocrx_word' id='word_1_299' title='bbox 1411 4733 1414 4738; x_wconf 91' lang='lat'>-</span> <span class='ocrx_word' id='word_1_300' title='bbox 1534 4697 1923 4775; x_wconf 74' lang='lat' dir='ltr'><strong>resurgente</strong></span> <span class='ocrx_word' id='word_1_301' title='bbox 1965 4686 2119 4756; x_wconf 80' lang='lat' dir='ltr'><strong>filio.</strong></span> 
     </span>
    </p>
   </div>
  </div>
 </body>
</html>
