3167 5242
217 484 317 554 (7)
351 485 475 538 Ave
509 481 705 555 virgo,
738 484 922 537 nater
957 477 1074 547 dei,

349 585 565 628 memor
600 575 731 630 osto
765 583 988 640 snper
1022 567 1160 636 mei,

355 662 418 713 ιιι
451 655 709 728 loquaris
744 671 850 728 pro
889 670 977 710 me
1011 654 1193 724 bona,

355 744 572 800 donans
608 742 920 815 gratiarum
958 739 1121 797 dona.

215 867 318 937 (8)
352 867 476 921 Ave
513 863 684 936 virgo
720 868 780 918 et
812 862 1048 933 dignare

355 969 444 1009 me
481 954 780 1025 dignanter
812 951 1106 1008 illustrare

361 1037 432 1093 de
470 1037 769 1109 splendore
806 1035 889 1091 tui
923 1034 1145 1104 vultus,

358 1130 470 1181 tuae
507 1121 704 1180 formae
718 1163 733 1193 ,
769 1121 851 1178 tui
886 1120 1086 1178 cultus.

218 1366 319 1436 (9)
353 1366 474 1420 Ave
509 1363 708 1437 virgo,
745 1361 1015 1434 splendor
1048 1362 1230 1431 veris,

355 1467 577 1523 semper
614 1466 751 1521 oro,
783 1467 871 1506 me
906 1449 1155 1521 digneris

357 1536 687 1595 confortare
724 1538 1147 1608 conturbatum,

356 1626 655 1683 consolare
690 1625 1101 1682 contristatum.

182 1751 320 1824 (10)
354 1752 476 1806 Ave
511 1749 709 1821 virgo,
746 1753 918 1820 porta
953 1747 1115 1817 coeli,

356 1837 513 1908 spira
550 1833 714 1891 fidem
750 1831 967 1890 infideli
981 1872 995 1901 ,

358 1940 515 1995 spem
548 1922 768 1994 largire
803 1919 1120 1992 desperatis
1134 1959 1149 1988 ,

356 2014 533 2067 vitam
566 2009 739 2066 morti
773 2009 1069 2081 deputatis.

181 2136 317 2208 (11)
352 2135 474 2189 Ave
510 2132 680 2204 virgo
716 2137 886 2204 grata
923 2130 1063 2200 deo,

356 2223 415 2276 in
451 2225 719 2276 aeternum
755 2233 947 2275 coram
983 2234 1055 2274 eo

358 2324 530 2384 super
569 2307 755 2364 omnia
788 2311 987 2361 creata

359 2397 417 2452 in
454 2397 710 2469 reginam
747 2391 1094 2451 confirmata.

172 2523 315 2594 (12)
352 2522 474 2576 Ave
511 2520 711 2591 virgo,
748 2518 860 2574 dux
896 2517 1141 2590 erranti,

357 2604 760 2664 firmamentum
794 2603 1116 2674 vacillanti,

364 2700 428 2750 tu
462 2711 567 2751 nos
602 2711 768 2766 rege,
807 2698 862 2748 te
898 2708 1195 2765 rogamus,

360 2800 466 2839 nos
502 2787 785 2851 sustenta,
820 2798 890 2836 ne
927 2780 1201 2835 cadamus.

178 2908 324 2980 (13)
361 2908 484 2961 Ave
521 2904 693 2960 tellus
729 2920 845 2960 non
881 2909 1069 2972 arata,

362 2989 563 3049 confer
599 2993 769 3063 virgo
805 2989 1120 3062 postulata,

363 3083 430 3134 ιιι
465 3074 625 3133 finita
664 3075 963 3147 temporali

362 3165 493 3220 luce
531 3161 693 3220 fruar
728 3160 1031 3217 inmortali.

173 3293 315 3362 (14)
352 3291 481 3345 Ave
517 3287 684 3359 virgo
724 3291 783 3342 et
817 3300 942 3356 quae
978 3288 1142 3355 peto,

361 3374 503 3432 mihi
537 3370 737 3428 confer
774 3371 936 3426 vultu
968 3368 1139 3439 laeto,

357 3460 527 3522 fidem
563 3465 801 3527 rectam,
834 3458 1043 3514 bonum
1075 3456 1272 3528 finem,

360 3558 426 3609 ιιι
461 3551 538 3607 ad
571 3549 722 3606 mala
756 3565 873 3604 non
904 3548 1192 3604 declinem.

180 3678 322 3749 (15)
366 3676 493 3732 Ave
531 3672 729 3744 virgo,
766 3677 937 3742 porta
972 3670 1143 3739 lucis,

364 3775 584 3835 sponsa
620 3775 771 3814 nova
806 3757 943 3814 novi
977 3757 1162 3827 ducis,

358 3849 457 3923 qui
492 3847 824 3902 cunctorum
859 3844 1207 3914 dominatur,

358 3938 509 3993 mira
547 3934 706 3989 solus
734 3940 1020 4004 operatur.

181 4061 317 4132 (16)
355 4061 478 4116 Ave
518 4057 687 4129 virgo
704 4097 718 4126 ,
755 4072 856 4111 vas
894 4037 1177 4126 ornatum,

361 4145 479 4202 soli
516 4145 625 4200 deo
660 4158 766 4197 vas
802 4147 1110 4213 sacratum,

363 4233 566 4306 lingua
599 4247 723 4287 mea
759 4235 816 4286 te
852 4229 1132 4302 laudabit,

369 4340 439 4379 os
481 4322 735 4393 extollet,
772 4335 875 4376 cor
909 4321 1175 4377 cantabit.

192 4446 329 4515 (17)
363 4445 487 4501 Ave
521 4445 692 4518 virgo
707 4486 722 4514 ,
757 4443 855 4500 lux
887 4437 1125 4516 pudoris
1143 4485 1159 4516 ,

368 4531 541 4603 virga
572 4529 809 4602 floreas,
844 4527 955 4587 flos
990 4531 1228 4603 amoris,

375 4625 433 4674 te
466 4635 570 4676 rex
604 4637 803 4696 regum
837 4626 901 4676 ut
934 4620 1181 4692 aspexit,

369 4704 496 4776 ipse
534 4702 729 4766 florem
761 4705 871 4770 flos
906 4707 1118 4766 dilexit.

1530 477 1670 547 (18)
1701 478 1825 532 Ave
1859 490 1998 534 rosa
2031 475 2321 547 speciosa,

1706 577 1927 634 gemma
1961 560 2262 632 splendens
2295 560 2580 631 pretiosa,

1706 649 1870 705 deum
1901 649 2036 704 coeli
2069 654 2132 704 ιιι
2165 647 2420 718 lactasti,

1707 738 1928 811 lapsum
1959 737 2218 793 mundum
2250 736 2548 808 reparasti.

1529 859 1668 933 (19)
1701 862 1826 918 Ave
1859 861 2030 934 virgo
2064 861 2176 916 dee
2203 860 2432 932 juncta,

1709 963 1957 1020 regnans
1991 963 2165 1019 super
2200 961 2379 1018 regna
2415 948 2631 1015 cuncta,

1707 1041 1836 1092 tuus
1870 1035 2058 1091 honor
2091 1050 2204 1091 non
2239 1033 2518 1090 decrescit

1708 1129 1768 1180 et
1802 1127 2059 1195 potestas
2093 1120 2259 1178 finem
2291 1122 2490 1177 nescit.

1532 1247 1668 1318 (20)
1703 1248 1823 1301 Ave
1859 1244 2028 1318 virgo
2065 1243 2448 1313 nacffisina,

1707 1339 1769 1391 ιιι
1805 1340 2006 1390 nostra
2038 1349 2151 1405 pax
2186 1331 2464 1388 tutissima
2480 1371 2496 1400 ‚

1710 1439 1880 1481 servo
1915 1428 2016 1480 tuo
2051 1421 2245 1493 praebe
2280 1425 2498 1476 scutum

1708 1512 1922 1567 donans
1959 1510 2181 1582 copiam
2212 1509 2499 1564 virtutum.

1533 1633 1667 1704 (21)
1701 1633 1823 1687 Ave
1861 1630 1982 1685 vita
2014 1633 2388 1696 mortuorum,

1709 1718 2042 1774 advocatrix
2076 1722 2465 1789 peccatorum,

1710 1804 1806 1877 pia
1838 1809 2019 1860 mater
2055 1804 2163 1859 hoc
2199 1802 2470 1873 dignare,

1708 1890 1960 1964 linguam
1993 1906 2171 1946 meam
2207 1887 2516 1946 refrenare.

1537 2132 1672 2200 (22)
1709 2132 1830 2186 Ave
1865 2130 2064 2204 virgo,
2102 2128 2233 2187 fons
2270 2131 2340 2185 de
2378 2131 2555 2200 colle,

1710 2217 1880 2289 imple
1915 2234 2108 2273 manus
2146 2223 2204 2274 et
2240 2217 2484 2286 extolle,

1712 2303 1859 2362 offer
1893 2306 2001 2361 deo
2040 2320 2274 2377 precum
2306 2306 2501 2374 thura,

1713 2396 1850 2454 mihi
1885 2397 2045 2453 deum
2080 2394 2393 2468 placatura.

1536 2522 1671 2592 (23)
1706 2519 1831 2575 Ave
1868 2524 2047 2575 mater
2084 2517 2360 2590 exquisita
2378 2557 2394 2587 ,

1710 2606 1909 2680 virgo,
1946 2608 2107 2681 cujus
2145 2607 2318 2678 digua
2351 2605 2474 2660 vita

1710 2693 1879 2751 terris
1914 2694 2049 2750 vitae
2087 2694 2227 2750 dans
2266 2699 2556 2748 auctorem

1712 2782 1872 2839 ecelis
1910 2784 2079 2838 decus
2116 2787 2174 2839 et
2210 2781 2584 2853 splendorem.

1536 2909 1671 2978 (24)
1706 2907 1828 2960 Ave
1866 2906 2062 2977 virgo,
2099 2904 2224 2959 laus
2259 2901 2450 2959 floreti
2464 2943 2478 2972 ,

1714 2994 1817 3049 tibi
1852 2999 2102 3066 pangunt
2138 2992 2269 3048 coeli
2303 2992 2450 3061 laeti,

1714 3081 1896 3152 campi
1930 3079 2177 3152 gaudent
2211 3085 2379 3150 atque
2414 3092 2551 3134 rura

1712 3172 1840 3222 tuas
1875 3165 2070 3220 laudes
2108 3165 2380 3219 canitura.

1541 3291 1673 3364 (25)
1708 3291 1831 3345 Ave
1868 3288 2036 3359 virgo
2075 3287 2321 3342 summe¹
2355 3286 2536 3352 bona,

1720 3378 1891 3450 digna
1928 3375 2168 3447 sceptris
2204 3379 2264 3428 et
2299 3370 2549 3441 corona,

1715 3470 1774 3521 te
1809 3468 2083 3535 regnante
2122 3460 2324 3517 coelum
2359 3455 2604 3530 plaudit,

1716 3557 1874 3609 terra
1910 3549 2146 3623 gaudet,
2183 3564 2306 3603 cum
2343 3548 2452 3602 hoc
2488 3544 2672 3616 audit,

1539 3679 1676 3749 (26)
1715 3678 1840 3733 Ave
1873 3676 2074 3746 virgo,
2111 3672 2273 3746 cujus
2311 3676 2549 3727 stratum

1714 3763 1873 3819 nullo
1911 3763 2040 3817 viro
2076 3765 2407 3817 temeratum

1715 3849 1972 3907 christus
2007 3854 2173 3903 uatus
2207 3843 2547 3912 illustravit,

1715 3951 1818 3992 nec
1853 3939 1911 3991 te
1951 3949 2188 3988 nascens
2224 3931 2522 3987 reseravit.

1542 4060 1674 4132 (27)
1708 4060 1831 4114 Ave
1868 4062 2038 4129 porta
2075 4055 2274 4111 clausa
2308 4052 2472 4124 viris,

1716 4146 1885 4219 virgo
1922 4145 2220 4218 splendens
2242 4144 2265 4180 ²
2299 4148 2357 4199 et
2390 4140 2620 4197 vestiris

1716 4235 1841 4290 luco
1877 4234 2021 4291 sicut
2056 4232 2388 4288 vestimento

1722 4319 1969 4392 dansque
2002 4320 2186 4376 lumen
2222 4316 2586 4373 firmamento.

1544 4445 1686 4517 (28)
1719 4446 1843 4499 Ave
1879 4443 2048 4513 virgo
2067 4482 2083 4512 ,
2114 4437 2225 4497 flos
2260 4445 2614 4510 sanctorum,

1721 4547 1793 4585 ex
1829 4534 1886 4585 te
1920 4527 2045 4584 fluit
2079 4526 2208 4584 fons
2243 4528 2568 4598 hortorum,

1721 4618 1855 4691 riga
1890 4632 2071 4689 regna
2107 4614 2341 4672 orientis
2354 4657 2369 4686 ,

1717 4704 1973 4779 paradisi
2006 4709 2220 4762 uostroe
2255 4702 2472 4760 mentis.
