3167 5242
361 253 492 320 188

362 439 568 507 omnis
612 439 807 504 homo
1720 446 1787 505 te
1830 437 2313 521 benedicentes,
2893 441 2984 507 60

361 549 576 609 mente
622 548 880 627 promat
921 561 1089 627 pura
1103 590 1120 625 ‚
1720 542 1828 608 fac
1869 549 1941 608 nt
1982 545 2224 609 sanctis
2267 544 2551 610 moribus

361 653 538 711 tuum
574 643 810 730 jubilet
1528 644 1614 707 55
1721 646 1850 710 sint
1890 644 2308 731 proficientes
2331 696 2348 731 ‚

360 750 683 836 praeclare
728 750 1078 832 canticum,
1722 747 1914 815 affice
1959 748 2301 815 dulcedine

362 854 665 939 quamdiu
707 855 909 921 habet
1719 859 1788 918 tu
1833 870 2057 918 eorum
2099 861 2378 938 mentes,

361 958 626 1024 vitalem
670 958 983 1042 spiritum.
1715 963 1789 1021 ut
1834 956 1901 1022 in
1944 957 2071 1022 tuis
2114 956 2411 1023 laudibus
2889 959 2978 1022 65

365 1136 421 1206 0
464 1139 811 1208 benedicta
850 1138 1128 1206 benedic
1720 1076 1981 1145 semper
2024 1059 2151 1125 sint
2193 1060 2545 1126 ferventes.

538 1339 801 1397 Dieselbe
834 1341 931 1397 Hs.
968 1340 1053 1396 Bl.
1088 1342 1176 1396 52.

539 1481 612 1535 25
649 1496 685 1536 ο
722 1483 859 1535 cast.
895 1478 988 1535 Hs.
1060 1480 1130 1533 55
1158 1478 1484 1553 jubiletquc
1511 1482 1683 1547 tuum,
1718 1476 1814 1533 Hs.
1883 1477 1957 1533 64
1994 1481 2110 1548 tua,
2145 1477 2242 1535 Hs.

540 1620 607 1676 V.
641 1621 729 1676 23.
786 1619 1067 1691 templum,
1104 1617 1236 1684 ναὸς
1270 1620 1457 1697 ἐγένου
1490 1615 1587 1690 τῆς
1623 1615 1888 1690 θεότητος
1923 1617 2064 1691 ὅλης.
2113 1619 2235 1677 Oct.
2257 1622 2343 1675 15.
2395 1618 2663 1691 templum
2701 1619 2794 1676 del
2831 1620 2979 1693 vivi,

365 1706 501 1764 aula
532 1706 687 1780 regis
722 1708 935 1763 aterni.
1003 1709 1231 1764 Amelmt'
1264 1712 1411 1763 orat.
1444 1708 1530 1761 55.
1583 1705 1644 1762 Β.
1679 1705 1783 1762 Νο.
1819 1707 1941 1776 564,
1975 1709 2029 1761 2.

543 1793 613 1849 V.
644 1797 733 1850 24.
781 1794 1085 1851 solstitium
1118 1793 1266 1849 wird
1300 1793 1426 1849 hier
1462 1792 1564 1849 der
1595 1791 1930 1849 Aufenthalt
1964 1791 2178 1850 Christi
2223 1793 2298 1849 im
2331 1793 2504 1850 Leibe
2539 1792 2726 1849 seiner
2761 1794 2981 1852 liuttcr

364 1887 628 1956 genannt.
694 1881 808 1939 Das
843 1882 973 1938 Bild
1006 1881 1084 1938 ist
1117 1898 1221 1937 aus
1256 1882 1377 1939 Jos.
1419 1883 1503 1951 10,
1541 1884 1611 1936 12
1646 1897 1989 1954 genommen.

542 1969 612 2024 V.
647 1971 734 2024 24.
767 1971 855 2024 25.
908 1969 1130 2038 civitas,
1168 1968 1477 2024 castellum.
1532 1967 1699 2024 Diese
1728 1967 2222 2040 Vergleichungen
2260 1967 2388 2023 sind
2422 1966 2516 2023 bei
2552 1966 2661 2023 den
2695 1968 2979 2027 Griechen

364 2055 570 2113 weiter
604 2054 942 2128 ausgefflhrt
976 2057 1064 2111 als
1100 2056 1194 2112 bei
1227 2056 1337 2111 den
1371 2055 1687 2124 Lateinern,
1722 2055 1836 2109 wie
1873 2055 2052 2110 sehon
2089 2052 2356 2126 fulgendo
2393 2055 2983 2131 zusammenstellung

365 2143 633 2200 beweist:
694 2140 922 2219 κράτος,
957 2152 1138 2213 τεῖχος
1172 2152 1263 2200 καῖ
1297 2146 1466 2215 σκέπη
1480 2184 1495 2214 ,
1532 2146 1625 2199 καὶ
1663 2139 1870 2219 ὀχυρὸν
1906 2139 2271 2219 “ponderum
2327 2142 2450 2199 Oet.
2484 2144 2573 2198 20.
2661 2143 2760 2200 Sie
2794 2141 2982 2201 heim

365 2231 510 2287 auch
557 2228 949 2299 δωδεκάτοιχος
990 2229 1163 2294 πόλις.
1225 2230 1337 2286 sul.
1375 2232 1457 2286 17.
1542 2229 1578 2306 ἦ
1633 2228 1793 2293 πόλις
1853 2225 1888 2301 ἦ
1947 2232 2204 2304 ἔμψυχος
2267 2227 2368 2287 τοῦ
2432 2225 2519 2286 ἀεὶ
2575 2227 2981 2305 βασιλεύοντος.

541 2405 608 2461 V.
642 2407 730 2460 25.
780 2406 1020 2462 vitreum
1058 2404 1366 2474 castellum,
1402 2404 1462 2459 in
1492 2405 1599 2463 Νο.
1635 2405 1758 2475 420,
1787 2405 1821 2461 8
1858 2401 2129 2461 fenestra.

541 2492 609 2547 V.
645 2493 731 2548 26.
785 2493 876 2547 sol
922 2491 1160 2548 occasus
1215 2491 1437 2547 nescius
1451 2531 1465 2560 ,
1528 2492 1757 2548 fihnlich
1808 2491 1987 2549 heisst
2040 2491 2294 2549 Christus
2359 2488 2480 2566 φῶς
2533 2491 2596 2550 τὰ
2657 2489 2980 2570 &recaeper-

367 2578 487 2638 Oct.
525 2581 610 2635 10.
681 2577 862 2656 σωτὴρ
899 2578 930 2636 ὁ
964 2576 1168 2643 &duwe
1203 2578 1364 2650 ἥλιος.
1409 2579 1523 2636 Jul.
1559 2582 1647 2635 24.

543 2664 611 2720 V.
650 2667 736 2723 32.
789 2665 882 2721 τὸν
917 2672 1128 2737 κτίστήν
1163 2665 1351 2743 ὥσπερ
1386 2667 1596 2743 βρέφος
1632 2664 1955 2742 ἐβάστασας.
2006 2667 2129 2725 oet.
2166 2671 2213 2721 1.

544 2751 610 2808 V.
644 2754 715 2810 45
747 2749 994 2824 flg.m'1v
1026 2756 1391 2830 μακαρίζουσι
1424 2753 1605 2810 πᾶσαι
1649 2750 1708 2809 ἂι
1741 2758 1919 2827 γενεαὶ
1953 2754 2059 2810 τῶν
2096 2750 2417 2831 ἀνθρώπων
2450 2772 2514 2810 σε
2550 2752 2780 2811 &nottho
2815 2747 2978 2827 ὧγνῆ,

372 2836 449 2903 ὥς
482 2843 744 2914 προέφης.
794 2839 917 2896 Oct.
954 2842 1001 2895 1.
1071 2841 1199 2898 Man
1235 2840 1497 2896 bemerke
1533 2840 1729 2897 diesen
1764 2841 1953 2898 Grnnd
1988 2841 2088 2897 der
2120 2841 2674 2913 Harienverehrung.

549 2927 616 2983 V.
653 2927 736 2982 48.
789 2923 1003 2982 fideles.
1057 2927 1247 2983 Fidem
1281 2929 1376 3000 qni
1410 2928 1649 2998 habent,
1685 2926 1883 2984 fideles
1917 2933 2212 2999 vocantur,
2250 2933 2308 2985 et
2345 2927 2441 3001 qui
2478 2944 2590 2984 non
2626 2927 2856 2997 habent,
2890 2927 2980 2983 in·

371 3012 581 3072 fideles.
655 3019 918 3089 Anyti-stin.
972 3019 1041 3074 de
1091 3018 1217 3074 trin.
1254 3021 1339 3089 13,
1374 3021 1423 3076 5.
1518 3019 1642 3076 Sibi
1678 3019 1790 3092 ipsi
1825 3017 2030 3091 fidere,
2085 3036 2196 3075 ιιοιι
2229 3016 2387 3089 fidei,
2440 3018 2540 3074 sed
2574 3015 2830 3091 perfidias
2866 3023 2978 3075 est.

369 3101 420 3158 is
454 3118 591 3159 vere
626 3099 807 3159 fidelis
848 3110 962 3174 est,
1016 3105 1111 3177 qui
1146 3119 1249 3159 nec
1284 3105 1393 3162 sibi
1429 3106 1609 3161 credit
1629 3146 1644 3176 ,
1698 3121 1802 3162 nec
1852 3105 1911 3161 in
1957 3119 2021 3161 se
2058 3111 2267 3179 sperat.
2340 3104 2397 3163 S.
2431 3106 2693 3163 Bemard.
2754 3106 2815 3161 in
2858 3105 2980 3179 vig.

371 3196 485 3247 nat.
522 3206 687 3246 serm.
727 3193 777 3260 5,
814 3192 864 3245 5.

1305 3561 1406 3637 47
1412 3563 1479 3637 3.
1532 3565 1634 3638 ad
1682 3587 2032 3663 vesperae.

374 3806 600 3875 Gaude
646 3816 940 3874 matrona
985 3810 1244 3892 coelica,
1723 3833 1870 3880 nam
1904 3813 2019 3898 jus
2063 3811 2265 3879 habet
2307 3818 2376 3878 et
2415 3813 2616 3899 ratic,

373 3914 721 3980 exultando
770 3914 1114 3997 magnifica
1722 3922 1992 3982 matrem
2035 3933 2326 4002 praeesse
2372 3913 2523 3980 filio.
2899 3918 2986 3983 10

374 4021 565 4087 deum
606 4028 783 4087 tuum
828 4021 1206 4107 salutarem,

372 4122 481 4208 qni
525 4131 592 4189 te
633 4123 790 4191 fecit
833 4125 1243 4210 singularem.
1721 4076 1903 4162 Erg⁰
1948 4097 2066 4145 ⁰¹⁸⁸
2109 4080 2489 4165 mpplioioer

1724 4187 1793 4246 et
1833 4182 2121 4267 praecipe
2164 4182 2519 4247 sublimiter
2534 4230 2553 4266 ‚

1721 4290 1794 4348 nt
1835 4301 1956 4349 nos
1998 4285 2065 4349 in
2105 4284 2325 4350 mundi
2367 4305 2653 4371 vespera

370 4340 471 4410 Tu
515 4343 812 4410 ancillam
849 4343 1013 4411 Jesu
1057 4341 1301 4410 Christi
1577 4346 1620 4411 5
1725 4386 1922 4453 ducat
1960 4388 2029 4454 in
2069 4407 2278 4472 regna
2321 4408 2579 4476 supera,

372 4453 439 4511 te
481 4464 725 4514 vocare
768 4448 1060 4534 voluisti,

372 4548 492 4613 sed
507 4597 526 4632 ‚
568 4559 641 4615 ut
683 4551 879 4618 docet
912 4552 1022 4618 lex
1066 4552 1320 4639 divina,
1726 4550 1954 4618 Gaude
1969 4600 1988 4637 ‚
2033 4572 2179 4638 quae
2208 4553 2318 4621 dei
2353 4555 2553 4622 filium
2899 4557 2987 4626 15

374 4656 449 4717 tu
491 4653 694 4738 ipsius
734 4676 809 4722 es
853 4656 1141 4745 domina,
1725 4663 1902 4725 tuum
1943 4677 2068 4746 per
2110 4680 2373 4729 carnem
2415 4661 2756 4750 proprium
