3167 5242
374 275 507 348 14*

374 464 682 535 Animam
718 472 968 532 moestae
1009 468 1298 550 parentis
1447 450 1452 455 ⁴
1727 465 1841 534 Sic
1883 463 2187 550 deplorat
2227 467 2499 528 mortem
2540 461 2750 548 prolis
2767 507 2788 543 ‚

460 577 614 636 tunc
655 569 1072 654 pertransivit
1116 573 1333 638 acrius
1539 572 1623 640 10
1810 590 2000 655 quam
2043 565 2521 653 blasphemavit
2565 565 2852 651 populus
2870 613 2891 650 ‚

364 669 562 757 juxta
603 674 872 738 verbum
918 668 1265 756 Symeonis
1726 674 1902 740 solus
1946 679 2093 738 erat
2126 669 2501 737 consolator
2894 668 2981 733 15

463 775 928 861 compassionis
972 774 1249 860 gladius.
1812 776 1958 860 ejus
2002 782 2220 841 custos
2266 770 2637 856 discipulus.

553 997 674 1054 Ans
708 994 1009 1051 denselben
1045 996 1352 1068 'l'agzeiten
1387 995 1447 1051 in
1482 996 1584 1051 der
1617 993 1931 1051 namlichen
1965 994 2061 1051 Es.
2096 996 2149 1050 A
2184 993 2269 1049 Bl.
2304 995 2425 1048 127.
2473 993 2562 1047 als
2598 991 2774 1047 lectio
2812 991 2983 1047 iiber·

372 1082 669 1139 schrieben
682 1123 698 1151 ‚
750 1082 866 1137 wie
909 1083 1055 1138 auch
1103 1083 1193 1138 die
1230 1083 1431 1139 beiden
1464 1081 1771 1156 folgenden
1806 1082 2025 1139 [jeder.
2094 1080 2253 1139 Auch
2288 1080 2346 1136 in
2380 1080 2447 1151 B,
2481 1081 2586 1135 146
2599 1118 2616 1149 ,
2670 1079 2730 1134 in
2765 1078 2811 1137 G
2849 1078 2965 1135 und

372 1171 439 1242 1),
475 1171 560 1230 68.

548 1311 586 1363 4
620 1324 842 1365 sacrum
877 1309 1033 1367 BCD.
1102 1311 1137 1363 5
1178 1325 1340 1381 quam
1374 1308 1451 1380 pl.
1486 1310 1550 1364 A.
1622 1311 1724 1365 5.6
1758 1305 1950 1365 fehlen
1985 1307 2044 1362 in
2070 1306 2134 1376 D,
2170 1308 2430 1380 dagegen
2453 1305 2648 1361 lauten
2673 1307 2727 1359 7.
2748 1305 2785 1361 8
2820 1304 2983 1360 also:

375 1409 443 1451 se
468 1411 571 1451 cor
595 1392 752 1451 ferre
779 1396 1185 1464 contristatum,
1223 1412 1481 1452 sermone
1516 1401 1796 1453 monstrat
1818 1394 2073 1468 querulo.
2127 1395 2162 1448 6
2197 1394 2353 1450 luctu
2384 1393 2502 1461 AB,
2537 1392 2616 1448 ist
2650 1407 2841 1465 gesen
2877 1392 2978 1448 das
3080 1391 3092 1403 “

372 1482 688 1539 Versmass.
760 1485 795 1536 7
834 1484 1140 1539 cruciatum
1183 1485 1248 1540 A.
1328 1485 1364 1539 8
1400 1499 1605 1538 caesum
1637 1485 1703 1539 A.
1793 1485 1843 1538 9.
1879 1484 1949 1538 10
1996 1482 2122 1537 sind
2153 1481 2212 1536 iu
2249 1482 2295 1537 D
2333 1497 2400 1537 so
2432 1479 2780 1536 verdorben:
2845 1484 2980 1535 tunc

370 1573 744 1644 pertransivit
778 1571 1070 1645 genitricis
1105 1573 1345 1628 animam
1382 1588 1623 1627 amarus.
1696 1575 1760 1626 11
1800 1576 2040 1646 tangens
2076 1571 2283 1627 dictum
2318 1569 2597 1627 Simeonis
2633 1570 2693 1625 D.
2767 1568 2840 1621 12
2865 1566 2979 1622 heu

371 1660 665 1732 passionis
701 1655 809 1716 Bc.
881 1662 949 1715 13
989 1660 1116 1714 dum
1150 1660 1346 1731 plorat
1380 1659 1487 1718 Bc.
1559 1660 1769 1715 13--16
1806 1659 1997 1715 lauten
2031 1658 2087 1713 in
2122 1658 2172 1713 1)

443 1745 624 1818 ipsum
659 1746 729 1817 (l.
754 1753 951 1819 quam)
985 1743 1208 1803 flentem
1243 1752 1432 1805 natum
1467 1762 1656 1803 saevus
1867 1745 2196 1804 consolatur
2231 1744 2389 1801 solus
2425 1744 2552 1818 ejus

516 1849 678 1904 quem
710 1831 987 1890 crucifixit
1018 1834 1260 1905 populus
1924 1839 2116 1889 custos
2149 1832 2289 1890 ὅσοι
2322 1830 2644 1903 discipula.

372 1925 443 1979 14
475 1938 637 1995 quem
672 1922 735 1978 G.
775 1924 874 1978 ·16
910 1927 970 1980 et
1003 1923 1137 1979 disc.
1171 1924 1233 1981 G.

544 2064 611 2151 Y.
650 2068 825 2125 1-3.
878 2066 956 2132 ὥς
1007 2065 1236 2146 ἑώρακε,
1289 2066 1457 2145 κύριε,
1502 2064 1537 2139 ἡ
1574 2070 1864 2144 παρθένος
1900 2071 1992 2125 καὶ
2025 2065 2200 2145 μητὴρ
2242 2088 2345 2125 σου
2391 2067 2448 2124 ἐν
2494 2065 2721 2144 σταυρῷ
2768 2063 2978 2142 κρεμά-

369 2172 547 2227 μενον,
583 2153 907 2232 ἕπωδύρετο.
961 2155 1082 2213 oct.
1118 2158 1171 2211 3.

548 2261 616 2316 V.
651 2262 868 2318 9—12.
921 2262 1202 2335 ῥομφαία,
1251 2250 1330 2324 uic
1363 2263 1558 2332 ἔφησεν
1598 2256 1630 2316 ὁ
1666 2261 1928 2331 Συμεών,
1980 2260 2076 2332 τὴν
2110 2261 2342 2338 καρδίαν
2394 2258 2489 2331 τὴν
2522 2258 2628 2332 σὴν
2661 2255 2983 2330 διελήλυθε,

371 2354 615 2426 navaria
650 2349 928 2407 δέσποινα.
990 2348 1113 2407 oet.
1149 2349 1201 2403 6.

1330 2736 1506 2812 442.
1572 2737 1690 2810 De
1742 2734 2010 2811 eodem.

369 2972 533 3042 (lum
579 2973 662 3038 de
708 2992 901 3040 cruce
946 2972 1325 3059 deponitur,
1473 2951 1500 2977 ⁸
1718 2974 1883 3044 Mihi
1925 2992 2135 3041 meum
2171 2974 2571 3041 carissimum

456 3076 543 3145 ad
586 3078 894 3144 tumulum
933 3087 1261 3164 portatur,
1807 3077 2188 3144 subtrahere
2232 3079 2464 3165 nolite,
2894 3082 2980 3147 10

366 3182 540 3249 inter
584 3181 850 3248 dolores
892 3183 1120 3248 anxios
1720 3182 1777 3246 si
1817 3181 2083 3266 sepeliri
2127 3179 2365 3247 debeat

407 3310 414 3317 ·
451 3294 793 3373 portantes
836 3287 932 3353 sic
974 3295 1314 3372 precatur:
1803 3306 1907 3353 me
1951 3304 2171 3353 secum
2213 3283 2577 3373 sepelitel“

361 3471 731 3559 „Sustinete
749 3523 768 3558 ,
815 3474 989 3560 quod
1033 3477 1364 3560 paululum
1505 3466 1512 3473 ’
1571 3482 1611 3544 5
1716 3472 2022 3542 Accessit
2065 3474 2161 3541 sic
2205 3476 2565 3562 exanimis,-

455 3574 749 3641 dolorem
790 3596 999 3643 meum
1042 3577 1380 3664 plangam,
1804 3598 1876 3646 se
1919 3598 2119 3667 super
2163 3597 2405 3666 corpus
2443 3579 2637 3666 jecit,

365 3687 436 3747 et
479 3679 654 3764 quod
694 3701 903 3748 meum
947 3683 1382 3751 dulcissimum
1717 3693 1787 3751 et
1829 3704 2083 3751 sacrum
2126 3685 2371 3751 vultum
2406 3684 2690 3751 lacrimis
2886 3687 2968 3751 15

451 3784 792 3852 deosculer
836 3794 903 3853 et
944 3795 1229 3874 tangam.
1803 3790 2077 3856 ubertim
2119 3789 2481 3856 madefecit.
2520 3878 2525 3885 ι

545 3973 813 4033 nassum
843 3975 913 4046 A.
948 3975 1035 4032 131.
1072 3979 1193 4033 12⁷.
1228 3977 1294 4047 Β,
1329 3978 1445 4034 ιω.
1483 3976 1551 4049 n,
1585 3978 1671 4045 oo.

543 4116 574 4167 1
625 4114 753 4169 dum
807 4113 887 4184 G,
943 4113 1013 4170 de
1049 4129 1214 4170 cruce
1250 4115 1472 4187 quando
1504 4116 1589 4187 l),
1641 4117 1861 4189 positus
1897 4119 1999 4189 B„
2050 4120 2087 4174 3
2121 4114 2418 4181 confestim
2453 4116 2582 4190 ejus
2608 4116 2859 4188 genitrix
2892 4116 2963 4174 Β.

361 4201 402 4257 4
436 4198 645 4257 affatur
681 4202 744 4257 Β.
816 4204 850 4256 5
887 4201 1034 4274 quod
1072 4203 1224 4259 steht
1257 4201 1333 4258 im
1366 4201 1674 4276 folgenden
1708 4204 1888 4262 Verso
1924 4204 1997 4276 C,
2050 4205 2144 4260 hic
2178 4221 2223 4263 s.
2255 4204 2405 4277 paul.
2439 4204 2501 4262 D.
2571 4204 2606 4258 6
2647 4209 2710 4260 ut
2746 4204 2861 4262 dol.
2896 4204 2961 4262 D.

362 4290 400 4344 ⁷
437 4294 497 4345 et
530 4304 710 4344 meum
745 4288 1163 4345 dilectissimum
1196 4291 1272 4361 Ο,
1328 4291 1480 4361 quod
1524 4306 1705 4348 meum
1754 4308 1947 4349 carum
1979 4289 2153 4349 fllium
2188 4291 2254 4349 Β.
2350 4293 2385 4348 8
2421 4291 2647 4348 osculer
2681 4294 2761 4363 A,
2824 4295 2885 4349 et
2917 4297 2959 4348 t.

361 4371 510 4431 fehlt
545 4375 605 4433 C.
674 4376 710 4431 9
745 4375 1163 4434 dilectissimum
1197 4375 1259 4447 G,
1295 4377 1556 4435 dilectum
1590 4379 1724 4434 mihi
1759 4376 1936 4435 filium
1968 4381 2029 4435 D.
2099 4383 2168 4437 14
2192 4395 2366 4451 supra
2400 4381 2465 4436 Β.
2512 4382 2602 4436 ’15
2638 4395 2849 4453 corpus
2886 4381 2954 4450 A.

367 4461 588 4521 vultum
621 4464 818 4537 rigans
852 4466 918 4521 l).
991 4467 1061 4521 16
1091 4465 1335 4539 rigaudo
1369 4483 1439 4523 m.
1475 4466 1535 4539 G,
1570 4466 1819 4523 lacrimis
1854 4484 1925 4524 m.
1965 4469 2030 4524 1).

538 4602 607 4660 V.
640 4607 689 4659 7.
743 4603 1116 4665 dulcissimum
1129 4647 1145 4677 ,
1180 4608 1326 4690 auch
1358 4624 1427 4664 so
1463 4607 1559 4663 bei
1594 4607 1699 4664 den
1735 4608 2036 4684 Grieclien,
2083 4612 2269 4668 τέκνον
2305 4607 2649 4683 γλυκύτατον.
2712 4606 2882 4665 Febr.
2914 4608 2969 4663 9.

355 4688 589 4750 Kommt
620 4691 754 4750 sehr
788 4690 879 4750 oft
908 4710 1035 4754 vor.
1097 4693 1238 4754 sich
1271 4696 1420 4756 oben
1451 4694 1671 4757 3136.
