3167 5242
361 448 546 534 Ave,
593 469 771 535 quae,
816 448 957 513 sine
989 450 1241 516 maeula
1711 446 1867 517 Ave
1909 448 2101 530 virgo
2145 441 2490 510 benedicta
2507 488 2529 526 ,
2835 441 2974 508 505

363 554 591 638 virgo,
634 570 856 618 manes
899 553 967 617 in
1010 555 1255 620 saecula
1476 553 1608 618 470
1713 559 2151 636 congruenter
2196 547 2356 614 Sion
2400 548 2605 632 dieta,

363 656 558 722 limen
597 656 765 740 legis
809 663 877 720 et
919 657 1183 740 gratiae,
1717 653 1907 719 deum
1951 668 2225 735 namque
2271 650 2661 734 specularis,

365 775 630 824 summae
672 778 912 852 parens
950 760 1238 844 justitiae.
1719 774 1848 840 quo
1890 754 2166 820 fruendo
2209 754 2577 838 gratularis.

362 937 516 1009 Ave
532 988 549 1023 ‚
597 958 743 1022 quae
787 937 870 1003 de
914 938 1197 1006 ineolatu
1718 935 1870 1005 Ave
1910 938 2103 1021 virgo
2148 937 2447 1022 speciosa
2469 984 2487 1020 ‚

364 1042 584 1109 mundi
627 1042 819 1127 huJus
864 1049 932 1105 et
972 1051 1161 1108 reatu
1570 1065 1577 1072 ⁸
1718 1041 2002 1123 humilia,
2043 1058 2176 1105 non
2217 1041 2590 1124 cervicosa,
2836 1044 2984 1108 510

367 1146 455 1212 ad
500 1147 778 1230 quietem
831 1146 1209 1231 ascendisti,
1484 1150 1616 1214 4⁷5
1721 1143 1904 1227 cujus
1948 1142 2180 1208 labore
2222 1143 2460 1207 messio

367 1248 555 1331 eujus
597 1267 732 1332 pax
778 1255 882 1311 est
923 1248 1138 1312 vultus
1183 1246 1440 1315 Christi.
1725 1255 1907 1312 caret
1949 1247 2135 1312 simul
2181 1254 2249 1311 et
2289 1246 2508 1312 taedio.

368 1428 523 1499 Ave
540 1479 558 1513 ‚
605 1432 788 1516 eujus
833 1433 1135 1498 auxilium
1721 1423 1873 1491 Ave
1916 1434 2126 1490 mater
2167 1430 2416 1491 sanotae
2460 1425 2602 1509 spei
2622 1474 2639 1508 ‚

370 1536 525 1604 deus
567 1541 817 1603 creator
859 1541 1136 1604 omnium
1152 1586 1169 1621 ,
1725 1548 1872 1612 quae
1915 1530 2164 1594 intenta
2205 1530 2414 1595 verbo
2460 1528 2569 1593 dei

371 1641 482 1723 qui
522 1661 646 1725 per
690 1649 755 1706 te
799 1659 929 1706 non
976 1642 1341 1708 obdormiat
1722 1634 2202 1717 redemptorem
2243 1633 2614 1699 sustinebas
2631 1680 2650 1714 ‚
2845 1636 2990 1698 515

369 1744 585 1828 nobis,
628 1763 875 1828 nosque
920 1744 1258 1810 custodiat
1486 1747 1619 1813 480
1724 1755 1913 1822 quem
1956 1743 2299 1800 venturum
2341 1735 2760 1819 praesciebas.

369 1922 525 1992 Ave
566 1925 789 2009 virgo,
837 1945 1028 2009 quam
1071 1927 1400 1991 laetantem
1720 1915 1873 1984 Ave
1892 1967 1910 2002 ‚
1956 1920 2142 2004 eujmt
2187 1938 2304 1988 eor
2346 1924 2607 1988 beatum

373 2036 441 2094 et
484 2029 552 2093 in
597 2028 788 2094 domo
832 2028 941 2093 dei
985 2037 1259 2094 stantem
1720 2042 2063 2107 numquam
2105 2024 2226 2089 fuit
2267 2027 2616 2091 exaltatum
2633 2075 2650 2108 ,

374 2152 518 2200 oum
563 2151 800 2216 magua
842 2135 1215 2199 reverentia
1723 2146 1962 2209 magna
1995 2148 2269 2212 parvam
2311 2137 2378 2194 te
2421 2132 2661 2214 putasti
2679 2180 2698 2213 ,

373 2237 525 2303 eoeli
568 2236 921 2302 oirettmdat
964 2239 1161 2303 curia.
1723 2247 1853 2296 non
1896 2232 1964 2295 in
2006 2233 2259 2316 magnis
2305 2235 2667 2301 ambulasti.
2845 2238 2982 2302 52⁰

370 2416 525 2488 Ave
568 2426 776 2483 mater
795 2467 813 2501 ,
858 2438 1051 2502 quam
1092 2425 1347 2484 tuorum
1489 2419 1624 2485 485
1723 2409 1875 2477 Ave
1921 2413 2201 2478 clemens
2216 2462 2234 2494 ‚
2289 2414 2524 2499 dulcis,
2569 2415 2704 2501 pia,

372 2519 563 2586 fletus
607 2528 826 2585 movet
868 2519 1176 2603 filiorum,
1727 2515 1902 2599 quod
1943 2516 2249 2601 praedixit
2290 2518 2670 2603 prophetia,

375 2642 523 2706 quae
567 2623 894 2688 misereris
938 2626 1232 2690 omnibus
1727 2637 1925 2702 super
1969 2619 2193 2684 sedem
2236 2623 2442 2706 patris
2485 2624 2588 2688 sui

374 2727 733 2811 opprobria
777 2728 1205 2811 portantibus.
1727 2722 1914 2789 sedet
1953 2725 2203 2791 fructus
2246 2727 2495 2791 ventris
2529 2726 2638 2793 tui.

376 2899 531 2969 Ave
576 2913 833 2989 saneta,
880 2924 1027 2988 quae
1072 2915 1423 2974 torrentem
1726 2901 1878 2971 Ave
1921 2906 2120 2989 plena
2161 2906 2452 2973 bonitate
2847 2910 2986 2973 525

375 3009 533 3073 vitae
576 3007 769 3091 hujus
814 3007 1200 3075 defluentem
1493 3012 1626 3078 490
1728 3015 1798 3072 et
1839 3006 2093 3073 firmata
2136 3010 2440 3093 caritate,

375 3128 729 3194 superans,
773 3131 895 3194 per
939 3115 1312 3179 venantium
1728 3116 1799 3175 ut
1840 3119 2169 3193 unguento
2215 3117 2282 3175 te
2325 3111 2610 3195 perfudit

375 3223 519 3280 rete
562 3216 800 3280 transis
842 3214 930 3281 ad
978 3219 1291 3284 bravium.
1728 3213 1838 3298 qui
1871 3214 1939 3278 in
1982 3212 2269 3280 Hermon
2311 3233 2532 3280 rorem
2573 3215 2799 3283 fundit

373 3394 530 3464 Ave
572 3398 763 3480 virgo
782 3445 800 3480 ‚
845 3416 1037 3480 quam
1080 3416 1211 3464 non
1253 3398 1455 3463 movit
1471 3446 1492 3483 ,
1731 3391 1884 3460 Ave
1927 3394 2154 3461 domus
2196 3397 2551 3463 electorum
2568 3445 2587 3481 ‚

377 3499 688 3583 quidquid
731 3518 1030 3585 praesens
1072 3501 1211 3566 vita
1253 3502 1466 3586 novit,
1729 3498 1798 3562 in
1824 3518 1954 3582 qua
1980 3507 2208 3567 saneta
2234 3511 2383 3568 sunt
2404 3509 2795 3582 sanctorum,
2841 3503 2988 3566 530

375 3601 444 3665 in
487 3616 707 3665 amore
746 3617 1170 3684 supernorum
1496 3604 1628 3670 49⁵
1732 3601 1819 3666 ad
1856 3622 2046 3686 quam
2088 3624 2317 3670 manus
2353 3607 2744 3671 extollentes

376 3721 634 3787 semper
678 3702 812 3769 fixa
853 3703 1255 3788 gaudiorum.
1728 3703 1999 3771 laudant
2041 3706 2231 3772 deum
2273 3725 2496 3773 omnes
2539 3717 2789 3792 gentes.

375 3866 560 3953 Ave,
606 3887 754 3953 quae
787 3868 930 3953 jam
975 3871 1337 3957 manipulos
1729 3866 1911 3952 Ave,
1957 3868 2039 3934 de
2084 3889 2214 3953 qua
2256 3891 2378 3937 rex
2421 3871 2664 3956 prodiit

376 3980 529 4040 ante
572 3970 827 4037 divinos
873 3972 1101 4038 oeulos
1731 3974 1841 4057 qui
1882 3973 2288 4041 Pharaonem
2333 3976 2510 4043 feriit

374 4083 627 4162 portas,
673 4084 924 4143 metens
971 4077 1266 4144 hilariter
1281 4128 1299 4164 ,
1728 4096 1882 4144 suos
1925 4079 2188 4144 salvans
2233 4081 2317 4145 ab
2362 4079 2673 4161 hostibus,
2849 4078 2991 4144 535

375 4200 524 4267 quae
566 4182 862 4266 sparsisti
903 4182 1245 4249 humiliter.
1490 4185 1624 4251 500
1729 4199 1894 4266 quos
1936 4183 2213 4249 involvit
2254 4184 2322 4249 in
2364 4183 2683 4251 fluctibus.

373 4344 527 4412 Ave
544 4395 561 4430 ‚
603 4346 791 4432 enjus
835 4345 1169 4412 hereditas
1726 4342 1911 4430 Ave,
1957 4345 2284 4414 Christum
2329 4367 2477 4433 quae
2519 4347 2809 4432 laetanti,

375 4457 743 4515 sanctorum
790 4458 895 4515 eet
936 4449 1249 4534 felicitas,
1731 4449 1919 4534 enjus
1963 4469 2160 4517 earne
2204 4469 2327 4517 nos
2372 4452 2633 4537 m'banti,

376 4569 567 4634 quam
609 4553 934 4619 dormiens
974 4556 1043 4619 in
1087 4554 1349 4620 domino
1730 4555 1842 4637 qui
1884 4560 1957 4620 ut
2000 4553 2162 4622 deun
2210 4556 2552 4639 adoratur,

372 4652 676 4738 possiden
717 4655 858 4720 sine
901 4657 1195 4722 termino.
1728 4663 1796 4722 te
1838 4664 1910 4724 ut
1950 4665 2220 4728 matrem
2261 4668 2632 4730 veneratur.
2853 4660 2996 4726 ⁵40
