3167 5242
347 317 449 389 2st

268 490 277 498 ’
359 503 454 560 die
488 497 943 564 Leichentiicher,
978 494 1199 550 welche
1241 495 1440 564 spater
1466 491 1614 547 nach
1638 484 2118 558 Konstantinopel
2135 484 2469 559 gekommen
2495 497 2685 553 seyen.
2727 481 2835 536 No.
2859 481 2982 536 403.

330 589 476 651 Das
511 583 858 658 Bograbniss
895 581 1078 637 Maria
1112 580 1214 638 hat
1247 575 1646 634 Aehnlichkeit
1691 574 1794 635 mit
1819 574 2044 646 jenem
2050 570 2166 626 des
2201 570 2455 664 Moyses,
2508 576 2638 623 m‘an
2673 566 2852 623 kennt
2892 567 2982 622 ihr

356 670 515 733 Grab
550 674 707 729 nicht
739 671 852 727 und
887 667 1159 773 Niemand
1193 667 1295 722 hat
1330 665 1453 721 ihre
1488 660 1784 732 Reliquien
1820 660 2084 733 geschen.

606 954 778 1030 334.
854 953 971 1024 De
1024 949 1486 1044 conceptione
1536 944 1609 1018 b.
1663 944 1952 1045 Mariae,
2001 943 2075 1013 in
2115 941 2359 1039 primis
2409 940 2741 1037 vesperis,

363 1155 636 1233 festum
679 1152 947 1236 originis
1066 1129 1077 1205 f
1124 1212 1134 1223 ,
1429 1212 1439 1224 ,
1722 1147 1983 1232 Regnis
2020 1145 2086 1210 in
2133 1144 2425 1241 omnibus

364 1266 562 1328 canat
611 1256 892 1324 ecclesia
1018 1248 1025 1255 ’
1683 1280 1688 1285 ·
1723 1268 1853 1316 ιιοιι
1897 1244 2003 1313 est
2043 1265 2211 1330 opus
2256 1245 2528 1326 factum,

361 1364 581 1431 heatae
623 1360 897 1443 virginis
1376 1349 1381 1353 ’
1727 1353 1900 1438 quod
1945 1351 2059 1416 det
2100 1351 2466 1416 hominibus

362 1482 734 1547 magnaque
781 1460 1019 1545 gaudia
1037 1509 1055 1545 ,
1722 1458 1919 1523 talem
1962 1456 2147 1541 pacis
2192 1462 2423 1535 actum,
2899 1452 2982 1515 25

363 1585 551 1635 mens
598 1573 666 1631 et
705 1584 839 1631 vox
884 1565 1257 1649 concinant,
1410 1612 1417 1617 „
1576 1564 1616 1627 5
1724 1562 1872 1628 coeli
1917 1561 2003 1625 ad
2044 1559 2325 1646 patriam
2717 1548 2728 1557 ’
2851 1590 2854 1593 -

366 1669 611 1736 devote
646 1668 931 1754 jubilent
990 1733 1005 1753 Ι,
1721 1683 1965 1744 meram
2007 1683 2130 1747 per
2174 1660 2455 1745 gratiam

367 1774 563 1840 almae
600 1774 790 1857 matri
836 1770 1230 1855 dignissime.
1725 1765 1968 1832 aditum
2013 1766 2199 1831 nobis
2243 1763 2546 1829 reddidit.

367 1931 575 2019 Cujus
621 1930 963 2016 conceptio
1724 1927 2027 2011 OramuS,
2074 1927 2365 2011 domina,
2936 1983 2944 1990 .

366 2038 528 2103 vitae
570 2034 990 2120 primordium
1220 2108 1225 2112 ,
1723 2048 1986 2096 reorum
2031 2018 2317 2113 beatrix,
2898 2030 2982 2095 30

366 2147 440 2208 et
483 2138 833 2223 generatio,
1538 2136 1619 2199 10
1726 2135 2036 2214 absterge
2083 2131 2379 2213 crimina,

306 2301 314 2309 .
364 2250 617 2317 castum
661 2240 999 2317 exordium
1080 2282 1087 2288 -
1724 2236 1948 2301 inclita
1982 2235 2297 2311 salvatrix
2310 2281 2329 2316 ,

362 2351 698 2433 praebent,
745 2346 1106 2412 clarificant
1446 2393 1453 2400 .
1724 2356 1846 2405 nos
1891 2336 1977 2402 ad
2022 2354 2138 2403 cor
2183 2335 2526 2401 contritum
2599 2357 2608 2361 ’

368 2450 654 2529 animas,
702 2445 1104 2531 desponsant
1729 2461 1810 2508 ac
1854 2440 1981 2507 deo
2023 2441 2267 2506 unitum

368 2549 638 2618 Christo
682 2566 927 2634 sponso
971 2547 1345 2615 castissime.
1697 2543 1980 2648 ‘perduc
2022 2561 2175 2608 reos
2220 2550 2287 2608 et
2329 2542 2621 2607 miseros.
2663 2590 2668 2596 .
2741 2590 2748 2595 .
2903 2541 2987 2605 35

368 2711 585 2794 Virgo
631 2709 1018 2793 concipitur,
1152 2780 1157 2784 ,
1543 2708 1625 2772 15
1731 2708 1985 2776 Praesta
2027 2710 2156 2776 hoc
2202 2710 2482 2793 genitor·

363 2820 562 2880 vetus
609 2811 1005 2897 praesagium
1148 2890 1158 2900 ⁴
1734 2814 2018 2881 clemens
2063 2821 2130 2878 et
2172 2814 2477 2895 maxime,

370 2933 603 2981 verum
637 2912 916 2978 efficitur
932 2960 951 2995 ‚
1733 2925 1801 2982 et
1844 2917 2021 2983 orbis
2059 2914 2355 2981 conditor
2374 2964 2392 3000 ,

374 3036 527 3103 quae
568 3036 794 3101 regem
831 3016 1106 3081 omnium
1308 3066 1317 3097 .-
1730 3027 1883 3084 nate
1928 3020 2312 3105 praeop‘time
2332 3068 2350 3102 ‚

370 3122 620 3189 intacta
660 3121 925 3207 pariens
1731 3116 1812 3187 a'c
1857 3129 2082 3187 sancte
2128 3121 2420 3205 spiritus,
2808 3159 2812 3162 >
2903 3118 2988 3184 40

373 3232 687 3310 castaque
730 3218 1120 3308 permanens
1541 3225 1626 3289 20
1729 3241 1928 3297 verus
1972 3223 2325 3308 paraclitus
2339 3272 2357 3307 ,
2397 3278 2401 3285 .

370 3335 665 3395 nostram
706 3328 981 3394 salutem
1025 3326 1244 3391 edidit.
1732 3345 1817 3391 ne
1862 3346 2231 3411 mergamur
2274 3326 2360 3392 ad
2402 3326 2666 3392 inferos.

548 3511 648 3568 Hs.
685 3525 756 3565 zu
794 3509 1088 3580 stuttgart
1131 3506 1299 3562 Brev.
1335 3509 1457 3564 101.
1501 3505 1544 3564 f.
1580 3511 1669 3564 71.
1717 3513 1785 3564 15
1820 3511 2015 3567 Jahrh.
2087 3512 2200 3568 Der
2233 3512 2407 3569 Form
2452 3511 2565 3568 und
2605 3511 2988 3585 Behandlung

372 3596 523 3655 nach
557 3611 673 3653 von
708 3595 889 3652 einem
921 3591 1348 3650 franzosischen
1373 3594 1605 3651 Dichter
1640 3594 1740 3651 des
1777 3599 1846 3652 12
1880 3597 2076 3654 Jahrh.

553 3717 590 3772 6
625 3731 696 3772 ac
729 3715 855 3772 dev.
889 3716 986 3770 Hs.
1056 3716 1129 3769 24
1162 3713 1222 3770 ἰιι
1257 3715 1404 3770 hom.
1441 3714 1537 3772 Hs.
1606 3718 1680 3772 37
1717 3724 1776 3773 et
1810 3715 1959 3775 fehlt
1992 3720 2089 3776 Hs.

552 3829 622 3886 V.
659 3831 746 3885 14.
796 3828 975 3888 Multa
1011 3827 1232 3899 quidem
1266 3829 1463 3899 sponsi
1495 3830 1782 3888 vocabula
1815 3848 2018 3904 sparsa
2051 3848 2155 3905 per
2189 3847 2406 3888 omnem
2440 3833 2687 3889 divinam
2719 3835 2996 3906 paginam

376 3916 575 3991 legitis
588 3957 604 3988 ‚
663 3916 769 3974 sed
801 3917 860 3972 in
896 3915 1008 3973 duo
1046 3930 1117 3971 ea
1152 3914 1318 3975 vobis
1354 3915 1622 3973 universa
1654 3919 2014 3990 complectar.
2098 3917 2339 3989 nullum,
2386 3927 2450 3976 ut
2481 3922 2765 3989 arbitror,
2829 3938 3004 3993 repe·

374 4004 557 4074 rietis,
593 4002 746 4077 quod
780 4018 893 4061 non
928 4006 1029 4058 aut
1062 4001 1295 4073 pietatis
1335 4002 1583 4075 gratiam
1617 4009 1718 4059 aut
1739 4006 2052 4149 potentiam
2077 4006 2394 4079 majestatis
2421 4013 2602 4065 sonet.
2639 4008 2700 4065 S.
2726 4008 3002 4065 Bernara.

372 4089 438 4148 in
473 4094 619 4147 cant.
656 4105 822 4146 serm.
856 4091 943 4159 15,
981 4090 1029 4143 1.

554 4176 624 4233 V.
662 4178 809 4232 19-
823 4179 909 4233 21.
982 4176 1079 4247 (οἱ
1112 4166 1408 4245 Ἰουδὰιοι)
1454 4170 1557 4232 οὐκ
1594 4172 1821 4246 εἰδότος,
1875 4175 2040 4237 αὐτὸν
2088 4182 2209 4250 (sc.
2243 4181 2476 4256 Jesum)
2514 4181 2809 4258 παρθένου
2855 4180 2997 4248 nitor,

379 4260 517 4322 οῦδὲ
553 4262 911 4332 “medonem
948 4266 998 4319 st
1031 4263 1124 4317 καὶ
1159 4260 1387 4333 ἐλέγετο,
1424 4258 1541 4318 ἀλλ’
1573 4257 2053 4340 ὑπολαμβάνοντες
2089 4260 2225 4324 εἶναι
2258 4265 2459 4341 Ἰωσὴφ
2494 4267 2594 4325 τοῦ
2627 4271 2896 4333 τέκτονος.
2928 4300 2992 4311 -

374 4342 536 4425 οἶμαι
584 4350 747 4425 λόγον
792 4354 962 4421 ἔχειν,
1025 4345 1243 4426 ἀνδρῶν
1276 4350 1377 4422 μὲν
1410 4348 1797 4428 καθαρότητος
1839 4352 1936 4425 τῆς
1972 4355 2029 4412 ἐν
2065 4354 2253 4435 ἁγνείᾳ
2290 4353 2549 4434 ἀπαρχὴν
2581 4359 2863 4433 γεγονέναι
2903 4353 3002 4412 τὸν
3133 4422 3134 4429 ¹

370 4433 602 4509 Ἰησοῦν,
638 4435 906 4510 γυναικῶν
938 4436 1003 4493 δὲ
1037 4434 1134 4508 τὴν
1168 4434 1426 4513 Μαριάμ
1498 4438 1751 4511 Origenes
1784 4441 1842 4497 in
1877 4442 2073 4501 matth.
2109 4449 2242 4501 tom.
2277 4446 2498 4515 10,17.
3007 4432 3016 4440 ’
3133 4486 3134 4495 ,

558 4526 625 4581 V.
658 4527 747 4582 29.
798 4527 1025 4582 Domina
1073 4528 1258 4581 nostra
1303 4530 1477 4582 neunt
1520 4527 1604 4582 sie
1650 4529 1912 4585 Ber-nard.
1960 4532 2123 4603 epist.
2171 4532 2257 4587 86.
2306 4532 2419 4588 und
2453 4533 2701 4589 Mabillon
2732 4531 3008 4588 hemerkt‘
3133 4512 3134 4543 ³

380 4613 545 4683 darn,
581 4611 715 4668 dass
748 4611 1222 4668 wahrscheinlich
1259 4612 1444 4669 dieser
1469 4615 1768 4673 A'usdruck
1801 4615 1978 4672 durch
2015 4618 2105 4674 die
2124 4620 2532 4678 cistercienser
2558 4617 2997 4694 ausgekommen

368 4713 517 4787 say„
537 4698 708 4757 deren
743 4697 977 4756 moster
1010 4698 1129 4755 alle
1163 4697 1266 4758 der
1299 4700 1508 4765 mutter
1542 4701 1745 4761 Gottes
1785 4704 2095 4778 gewidmet
2126 4721 2344 4764 waren.
3011 4722 3020 4727 ·
