3167 5242
321 214 454 281 182

322 400 559 468 Gaude
600 401 774 467 felici
812 399 1059 484 gaudio
1522 398 1566 461 ὅ

326 503 559 571 eodem
601 502 895 587 gaudeus
938 500 1075 568 ffio
1091 548 1112 583 ,

329 629 521 693 quem
562 607 724 674 deus
768 613 997 674 auctor
1039 604 1320 670 omnim

328 709 575 797 gaudet
617 709 863 779 habero
905 706 1125 776 filium.

326 898 557 968 Gaude
598 906 781 965 tanto
818 896 1187 978 ‚mortim

326 999 455 1068 deo
499 1000 826 1084 condigna
868 998 1049 1065 socio
1070 1044 1089 1081 ‚
1490 997 1571 1063 10

327 1112 397 1169 et
444 1103 565 1187 da,
608 1112 681 1170 ut
715 1105 784 1169 in
826 1103 955 1194 hoc
996 1101 1253 1168 foedere

330 1206 421 1274 sit
461 1206 652 1272 nobis
694 1206 906 1289 nasci,
946 1205 1206 1294 juvere,

328 1308 418 1375 sit
458 1326 664 1391 mors,
708 1308 794 1374 sit
834 1306 1262 1390 resurrectio,

328 1412 417 1478 sit
458 1419 685 1478 nostra
728 1410 1203 1478 consummatio.

330 1597 559 1669 Gaude
601 1607 836 1685 mater,
878 1599 991 1666 lux
1034 1593 1219 1680 fidei,
1492 1589 1572 1660 15

327 1704 608 1792 praedux
650 1704 842 1771 stella
883 1697 1129 1771 sanctae
1173 1701 1345 1788 spei,
1460 1693 1469 1702 ’

330 1808 466 1877 dux
509 1809 596 1875 ad
637 1818 889 1876 montes
932 1814 1287 1875 aromatum
1300 1855 1320 1891 ‚
1392 1851 1397 1857 -

331 1931 420 1978 ex
464 1914 739 1979 sabbato
784 1912 870 1979 ad
912 1914 1250 1980 sabbatum
1265 1959 1285 1995 ‚

332 2013 468 2082 'dux
509 2037 552 2083 a
580 2015 716 2082 fide
753 2015 839 2082 ad
877 2033 1093 2103 spem,

331 2118 419 2188 ad
452 2120 707 2206 jubilaei
748 2121 1054 2205 requiem.
1487 2117 1598 2183 20·

332 2306 561 2376 Gaude
605 2328 839 2376 serena
884 2309 1142 2376 domina
1159 2356 1178 2392 ‚

331 2412 644 2498 splendor
684 2431 883 2480 verus
897 2461 916 2497 ‚
960 2414 1074 2481 lux
1114 2412 1336 2479 divina
1349 2457 1385 2495 ,-

328 2515 483 2583 coeli
524 2516 843 2581 serenitas
859 2563 877 2597 ‚

326 2617 668 2685 stellarum
713 2618 975 2686 claritas
988 2666 1009 2705 ,

329 2738 453 2787 nos
496 2721 666 2812 intus
708 2719 952 2788 irradia
1490 2723 1572 2787 25

332 2821 430 2888 tui
471 2820 842 2907 splendoris
885 2821 1115 2907 gloria.

335 3001 542 3074 Tuum
583 3003 789 3070 melos
820 3021 942 3070 nos
983 3003 1291 3089 mulceat,

332 3112 511 3173 tuum
552 3106 768 3173 lumen
804 3106 1114 3190 effulgeat
1126 3153 1146 3191 ‚

508 3245 1673 3362 mfflmnmnunaiu,m.50.

505 3404 578 3458 34
611 3419 755 3460 voce
788 3400 829 3459 f.
862 3404 1006 3474 vice,
1039 3397 1133 3458 Hs.

1675 394 1758 460 sit
1799 401 1910 460 tua
1954 390 2162 457 duleis
2203 390 2407 456 fautus

1673 501 1742 565 iu
1783 498 2082 564 noemma
2123 494 2446 561 meridies.
2840 495 2930 559 3⁰

1678 661 1905 728 Gaude
1949 679 2190 746 sponsa
2210 709 2228 743 ‚
2275 680 2422 744 quae
2466 678 2755 726 amorem

1676 767 1852 852 pium
1887 766 2092 831 habes
2137 764 2515 832 dilectorem
2528 812 2548 848 ‚

1679 869 1920 935 dilecta
1960 888 2104 954 prae
2149 868 2473 950 omnibus,

1679 977 1751 1035 tu
1793 969 2031 1054 amoris
2073 974 2268 1051 grata
2308 968 2457 1034 vice

1680 1082 2000 1140 amantem
2045 1092 2225 1138 amas
2263 1073 2452 1138 unice
2843 1072 2933 1136 35

1680 1196 1766 1242 ex
1809 1177 1962 1242 totis
2005 1177 2383 1243 visceribus.

1681 1335 1908 1406 Gaude
1952 1357 2222 1426 sponsa,
2283 1355 2430 1422 quae
2473 1337 2619 1423 plus
2665 1339 2932 1423 amasti,

1678 1441 1828 1527 plus
1873 1440 2146 1507 amando
2189 1440 2532 1526 suspirasti

1680 1546 1904 1630 sponsi
1947 1545 2041 1610 tui
2082 1545 2397 1628 speciem,

1680 1655 1747 1713 te
1781 1647 2029 1732 justum
2074 1655 2174 1712 est
2216 1646 2367 1732 plus
2410 1645 2725 1730 gaudere,
2844 1648 2934 1712 40

1682 1757 1749 1815 te
1800 1749 2063 1834 dignum
2108 1757 2209 1814 est
2249 1748 2398 1834 plus
2441 1748 2669 1814 videre

1681 1852 1826 1938 ejus
1878 1857 2129 1919 sacram
2172 1853 2421 1920 faciem.

1625 1997 1632 2004 ⁹
1682 2013 1908 2084 Gaude
1957 2018 2150 2101 virgo
2195 2017 2342 2103 plus
2387 2035 2577 2100 quam
2619 2015 2889 2082 multum

1678 2129 1747 2187 et
1790 2121 2008 2188 dilecti
2049 2120 2203 2187 vide
2246 2123 2494 2187 vultum

1678 2225 1993 2311 singulari
2033 2226 2278 2309 gloria,
2844 2222 2934 2287 45

1682 2329 2157 2414 amplexantem
2205 2327 2612 2413 amplexare,

1681 2432 2078 2497 osculantem
2125 2431 2423 2497 osculare

1675 2535 1955 2620 pereuni
2000 2533 2367 2601 concordia.

1680 2689 1779 2758 Tu
1821 2692 1888 2756 in
1933 2689 2058 2756 deo
2101 2710 2264 2757 vere
2309 2698 2445 2755 tota

1681 2791 1816 2861 fixa
1861 2815 2085 2861 manes
2122 2803 2188 2860 et
2230 2796 2521 2877 ἱιιιιιιοιε,
2846 2794 2937 2858 50

1682 2908 1754 2966 tu
1791 2900 1989 2966 deum
2030 2900 2246 2964 vivum
2291 2899 2562 2986 intuere,

1683 3023 1873 3087 quem
1906 3000 2262 3088 jocundum
2298 3010 2403 3068 est
2441 3001 2672 3067 videre

1682 3108 1750 3172 in
1794 3124 1913 3172 suo
1958 3107 2139 3173 claro
2183 3107 2437 3172 lumine.

513 3508 583 3564 V.
617 3507 675 3564 2:
721 3507 902 3566 mater
928 3506 1086 3579 solis,
1128 3506 1307 3564 daher
1333 3504 1766 3587 φωτογεννήτωρ.
1819 3508 2050 3565 ΟαοεσΙι.
2085 3503 2204 3564 148.
2275 3508 2438 3565 Auch
2469 3512 2652 3564 mater
2685 3507 2942 3582 luminis,

334 3595 482 3655 deun
517 3596 773 3654 Christus
806 3597 985 3655 heisst
1019 3593 1111 3652 so'l
1144 3596 1258 3652 und
1291 3595 1490 3652 lumen.

510 3677 579 3740 V.
611 3686 663 3739 3.
694 3685 747 3741 4.
797 3680 877 3757 τῷ
925 3686 1117 3761 φέγγει
1165 3679 1265 3742 τοῦ
1309 3682 1417 3741 σοῦ
1457 3681 1680 3741 τοκετοῦ
1729 3684 1827 3757 τὴν
1870 3685 2182 3759 οἰκουμένην
2227 3680 2578 3761 &unagands
2633 3682 2935 3756 ἐφότισας,

335 3767 718 3848 θεογωῆτορ.
772 3769 1004 3830 Ocloeclt.
1040 3771 1156 3828 148.

1225 3773 1447 3835 thenac
1482 3770 1603 3828 υἱὸν
1640 3769 2047 3850 κατανγάζοντα
2079 3771 2209 3837 ’τοὺς
2246 3779 2484 3849 γηγενεῖς
2517 3768 2617 3845 τῆς
2649 3775 2940 3848 ‘teto-queo

334 3857 602 3932 θεοτητος
634 3855 713 3933 τῷ
746 3855 1028 3937 &eundem
1064 3861 1205 3931 φωτὶ
1237 3862 1329 3915 καὶ
1363 3863 1484 3924 ταις
1522 3856 1814 3934 hiumam».
1867 3861 2010 3917 Pent.
2046 3861 2131 3916 80.

511 3948 580 4005 V.
614 3949 699 4003 50.
746 3947 934 4005 Daher
963 3948 1112 4004 wird
1128 3947 1271 4003 auch
1298 3963 1370 4003 zu
1385 3945 1478 4002 ihr
1496 3945 1755 4020 g'ebetet·
1794 3946 1889 4005 τὸν
1910 3948 2176 4022 λογισμὸν
2192 3941 2346 4021 ἡμῶν
2363 3945 2634 4024 στήριξον.
2674 3945 2822 4004 Nov.
2841 3948 2944 4005 19-

334 4036 451 4095 und
482 4035 566 4092 sie
601 4036 780 4094 heisst
812 4035 921 4093 τῶν
958 4034 1168 4093 πιστῶν
1200 4039 1530 4113 προστασία.
1576 4036 1700 4095 Oct.
1738 4037 1821 4092 19.
1889 4034 1949 4093 S.
1985 4034 2092 4092 No.
2125 4037 2249 4107 4⁷2,
2282 4036 2369 4092 ⁴8.
2410 4036 2519 4093 No.
2549 4037 2675 4106 555,
2713 4037 2802 4092 1⁶.

1281 4320 1458 4399 469.
1523 4322 1633 4395 ad*
1662 4322 1985 4422 primam.

338 4499 573 4574 Gaude'
608 4526 845 4576 aurora
886 4508 1143 4594 saeculi,

336 4609 567 4677 domus
608 4611 764 4677 novi
805 4611 1100 4697 diluculi,

1677 4507 1763 4575 de
1806 4528 1934 4592 qua
1976 4507 2089 4574 lux
2132 4507 2295 4574 lucis
2337 4508 2582 4594 prodiit

1676 4620 1747 4680 et
1785 4612 1856 4679 in
1896 4613 2134 4682 mundo
2180 4617 2497 4701 apparuit.
