3167 5242
2633 304 2719 371 ⁸1

120 485 280 555 «litio,
333 485 404 541 de
447 500 560 555 qua
595 483 801 541 dictum
854 488 948 543 ent
991 501 1097 559 per
1129 489 1498 559 prophetam:
1570 499 1735 541 nemo
1769 484 2002 540 mundus
2041 501 2080 541 a
2111 484 2311 556 sorde,
2373 501 2478 543 nec
2512 483 2719 560 infans,

117 575 272 647 cujus
316 578 407 629 est
451 573 612 629 unin-
662 573 776 628 diei
821 575 946 630 vita
989 591 1163 647 super
1208 581 1423 633 terram
1470 574 1616 644 (Job
1652 575 1739 642 15,
1777 575 1892 644 14).
1961 575 2107 629 Ecce
2142 573 2332 629 inf-ns
2366 571 2489 629 sine
2524 573 2721 645 sorde,

118 659 271 716 solus
314 661 463 716 inter
512 659 764 716 homines
813 675 1024 731 verax,
1087 663 1255 719 immo
1300 667 1361 718 et
1404 661 1625 716 veritas
1670 658 1815 730 ipsa.
1884 658 2032 714 Ecce
2080 675 2263 731 agnus
2309 659 2433 715 sine
2479 659 2720 730 macula,

115 762 289 818 agnus
338 747 458 817 dei,
521 745 617 818 qui
663 746 822 805 tollit
861 754 1102 821 peccata
1144 749 1337 804 mundi
1397 748 1558 819 (Joh.
1596 748 1628 801 1
1648 786 1663 815 ‚
1699 747 1817 815 29).
1893 746 2030 814 Quis
2066 746 2213 802 enim
2245 750 2483 817 peccata
2517 746 2719 802 melius

117 833 342 889 tolleret
377 850 543 905 quam
578 834 645 904 is,
680 835 739 890 in
775 851 936 905 quem
970 840 1262 909 peccatum
1296 851 1411 891 non
1447 834 1636 890 cadit?
1707 834 1802 888 Ich
1841 830 1980 904 siige
2016 834 2163 890 noch
2199 833 2324 888 eine
2360 833 2717 907 griechische

117 918 471 977 Gleichstelle
507 920 615 977 bei.
671 923 951 979 Pentecosl.
987 938 1041 994 p.
1077 924 1196 979 113.
1245 930 1441 996 πεῖραν
1477 917 1681 997 ἀνδρὸς
1715 919 1790 993 μὴ
1831 921 2125 992 δεξαμένη,
2173 917 2508 994 πανάμωμε,
2545 922 2719 982 ἔτεκες

119 1002 367 1085 ἀπάτορα
402 1006 523 1065 υἱὸν
559 1009 615 1065 ἐν
655 1011 849 1086 σαρκὶ,
884 1007 982 1066 τὸν
1014 1008 1126 1088 πρὸ
1165 1007 1373 1066 αἰώνων
1409 1009 1467 1065 ἐκ
1502 1007 1716 1084 πατρὸς
1749 1009 2081 1081 γεννηθέντα
2120 1003 2404 1083 ἀμήτορα,
2446 1003 2719 1081 μηδαμῶς

118 1090 475 1167 ὑπομείναντα
500 1095 710 1174 τροπὴν
745 1093 783 1169 ἢ
817 1096 1037 1174 φυρμὸν
1070 1094 1108 1170 ἢ
1141 1097 1437 1175 διαίρεσιν,
1474 1091 1589 1152 ἀλλ’
1634 1097 1894 1172 ἑκατέρας
1929 1089 2126 1157 οὐσίας
2160 1093 2256 1166 τὴν
2293 1092 2533 1166 ἰδιότητα
2569 1090 2722 1149 offlam

122 1181 446 1253 φυλάξαντα.

683 1500 858 1577 343.
933 1499 1024 1573 In
1073 1502 1599 1575 annuntiatione
1651 1498 1720 1572 b.
1774 1527 1840 1572 v.
1884 1499 2152 1571 Mariae.

116 1730 304 1797 Mittit
349 1731 437 1797 ad
479 1733 800 1815 virginem
1462 1731 1620 1814 Exi,
1667 1732 1777 1815 qui
1819 1731 2128 1814 mitteris,

116 1855 239 1902 non
283 1839 575 1920 quemvis
620 1839 955 1922 angelum,
1464 1835 1612 1900 haec
1658 1834 1832 1900 dona
1873 1834 2155 1916 dissere,

117 1937 227 2001 sed
270 1938 712 2005 fortitudinem
1468 1939 1694 2005 revela
1738 1941 1982 2005 veteris

114 2059 319 2124 suam,
365 2039 833 2121 archangelum
1465 2039 1768 2105 velamen
1811 2042 2024 2105 literae

113 2152 360 2211 amator
404 2144 700 2209 hominis.
1322 2144 1363 2206 5
1465 2142 1705 2206 virtute
1750 2144 1971 2208 nuntii.
2636 2143 2721 2207 30

114 2307 377 2376 Fortem
423 2306 733 2391 expediat
1462 2299 1774 2385 Accede,
1819 2301 2075 2383 nuntia,

112 2430 228 2496 pro
274 2411 468 2477 nohis
512 2412 798 2476 nuntium
812 2457 831 2493 ‚
1462 2405 1572 2473 dic
1619 2425 1736 2473 ave
1771 2406 2059 2470 cominus
2074 2450 2093 2487 ,

115 2524 359 2583 naturae
402 2516 603 2583 faciat
1467 2507 1574 2573 dic
1613 2509 1806 2592 plena
1845 2509 2058 2589 qratia
2074 2552 2093 2589 ,

117 2627 182 2685 ut
223 2618 676 2704 praejudicium
1466 2611 1573 2677 dic
1619 2616 1819 2679 tecum
1863 2612 2151 2678 dominus

119 2724 182 2790 in
220 2733 417 2810 partu
458 2723 747 2807 virginis.
1282 2720 1363 2786 10
1471 2722 1539 2783 et
1584 2714 1817 2783 dione
1860 2718 2101 2782 timeas.
2635 2715 2720 2781 35

118 2884 421 2953 Naturam
470 2892 739 2971 superat
1471 2876 1683 2960 Virgo
1729 2876 2046 2961 suscipias

122 2998 299 3055 natus
341 3012 466 3057 rex
501 2991 753 3073 gloriae‚
1470 2981 1583 3046 dei
1628 2979 2017 3063 depositum,

121 3101 343 3176 regnat
387 3101 457 3158 et
495 3094 773 3176 imperat
1470 3085 1538 3150 in
1585 3102 1712 3167 quo
1757 3083 2062 3167 perficias

119 3203 180 3259 et
220 3215 416 3279 zyma
460 3194 695 3259 scoriae
1467 3194 1715 3253 castum
1758 3186 2166 3271 propositum

121 3296 278 3362 tollit
321 3298 407 3362 de
446 3295 678 3362 medio.
1281 3294 1363 3357 15
1467 3298 1534 3355 et
1578 3296 1801 3356 votum
1836 3297 2079 3354 teneas.
2633 3287 2720 3354 40

117 3460 637 3549 Superbientium
1463 3454 1671 3524 Audit
1715 3463 1781 3521 et
1825 3450 2093 3541 suscipit

118 3575 278 3635 terat
319 3570 619 3653 fastigia,
1464 3563 1686 3649 puella
1721 3562 2042 3645 nuntium,

118 3675 279 3740 colla
314 3674 684 3743 sublimium
982 3736 989 3743 ,
1142 3730 1149 3735 .
1462 3667 1676 3734 credit
1715 3674 1787 3731 et
1829 3664 2112 3750 concipit

122 3779 318 3845 calcet
360 3779 436 3842 vi
474 3780 747 3863 propria
1464 3780 1534 3836 et
1575 3773 1750 3856 parit
1791 3770 2026 3853 filium,

120 3890 342 3964 potens
385 3883 457 3946 in
501 3881 776 3966 proelio.
1277 3878 1363 3943 20
1465 3875 1586 3941 sed
1632 3874 2093 3941 admirabilem.
2635 3872 2721 3936 45

123 4041 319 4111 Foras
363 4045 591 4131 ejiciat
1466 4037 1922 4106 consiliarium

124 4150 499 4215 mundanum
542 4145 931 4232 principem,
1467 4143 1729 4210 humani
1774 4142 2036 4229 generis

124 4261 510 4338 matremque
546 4251 747 4318 faciat
1468 4254 1536 4313 et
1582 4244 1773 4312 deum
1820 4247 2081 4314 fortium

124 4370 329 4421 secum
373 4354 763 4441 participem
1467 4357 1535 4414 et
1567 4357 1822 4433 patrem
1864 4348 2145 4434 posteris
2163 4391 2185 4432 ‚

125 4458 318 4539 patris
360 4456 633 4540 imperii.
1276 4452 1363 4517 25
1465 4451 1534 4516 in
1575 4470 1745 4536 pace
1790 4452 2105 4517 stabilem.
2323 4508 2330 4517 .
2634 4447 2721 4513 5⁰

148 4667 155 4673 -
278 4627 376 4684 ns.
413 4645 485 4685 zu
517 4627 827 4697 munchen,
864 4624 999 4683 Glm.
1036 4626 1243 4697 17645,
1277 4624 1379 4682 des
1416 4625 1487 4678 14
1517 4621 1719 4679 Jahrb.
1768 4623 1902 4693 (A).
1962 4619 2056 4677 Hs.
2091 4635 2164 4675 zu
2195 4616 2442 4679 admont
2473 4614 2580 4672 No.
2616 4617 2726 4671 '71¹2

125 4710 216 4769 des
252 4717 320 4771 14
353 4717 554 4777 Jahrb.
589 4715 691 4773 mit
715 4715 911 4773 Noton
946 4712 1072 4788 (Β).
1147 4714 1242 4775 nn.
1280 4730 1354 4771 zu
1386 4711 1449 4777 S.
1484 4709 1632 4772 Paul
1664 4709 1725 4768 in
1758 4709 2013 4771 Karnten
2044 4707 2153 4770 No.
2188 4707 2261 4767 ⁴8
2294 4706 2394 4766 de·
2429 4707 2502 4764 13
2523 4704 2746 4765 Jahn-h„
