3167 5242
400 450 715 519 Candens
753 451 902 537 plus
946 470 1135 535 quam
1179 452 1375 518 lilium
1391 500 1411 535 ‚
1758 451 1860 517 Ne
1902 458 2055 536 post
2097 459 2372 518 mortem
2412 454 2640 538 puniat

490 575 776 621 vernans
818 555 967 640 plus
1012 576 1203 641 quam
1245 574 1429 640 rosa,
1844 574 1966 620 nos
2009 558 2247 621 inferni
2288 578 2515 642 poena,

404 666 583 725 tunm
626 676 794 744 roga
837 658 1067 744 filium,
1761 656 1881 723 sed
1923 668 2134 725 tecum
2179 660 2432 726 reficiat

492 764 683 849 virgo
731 764 1050 849 speciosa,
1571 765 1655 828 50
1849 766 2226 849 angelorum
2273 785 2478 830 coena.

582 939 678 997 Hs.
714 957 786 995 zu
819 939 1111 1008 Miinchen,
1147 955 1261 995 von
1299 938 1701 1011 Kaisersheim‚
1738 939 1839 996 No.
1878 945 1963 998 37.
2000 943 2102 997 des
2139 944 2207 999 13
2241 942 2438 998 Jahrb.

575 1062 641 1118 V.
676 1064 764 1117 14.
816 1062 1028 1117 caritas
1064 1060 1303 1133 gemina,
1342 1060 1432 1116 die
1467 1062 1636 1119 Liebe
1674 1062 1873 1119 Gottes
1921 1064 2034 1119 und
2068 1063 2168 1119 des
2203 1064 2508 1134 Niichstem
2541 1062 2602 1117 in
2635 1061 2862 1118 andem
2897 1063 3032 1120 Lie-

398 1151 541 1209 dern
574 1150 724 1225 ignis
760 1151 1016 1222 geminus
1050 1155 1317 1222 genannt.
1383 1150 1489 1206 No.
1527 1154 1613 1220 17,
1653 1155 1736 1205 11.
1791 1152 1899 1207 No.
1936 1154 2022 1221 20,
2063 1155 2147 1207 15.

578 1238 647 1292 V.
686 1239 767 1291 15.
803 1239 889 1290 17.
923 1239 1015 1291 21.
1064 1238 1176 1291 Das
1212 1237 1368 1292 Neue
1417 1238 1511 1293 bei
1560 1237 1662 1293 der
1698 1238 1910 1295 Geburt
1959 1240 2173 1296 Christi
2219 1238 2485 1295 bedeutet
2532 1240 2722 1295 sowol
2770 1239 2866 1295 die
2916 1240 3026 1294 Er-

398 1341 692 1397 neuerung
727 1323 828 1379 der
861 1324 1208 1380 Menschheit
1263 1325 1402 1390 (No.
1436 1327 1527 1394 43,
1563 1328 1658 1395 1),
1720 1327 1806 1382 als
1845 1328 2014 1396 auch,
2079 1327 2210 1382 dass
2248 1327 2432 1382 dieses
2464 1326 2757 1398 Ereigniss
2798 1327 3024 1382 vorm

400 1413 677 1469 nnerhiirt
707 1425 853 1475 war,
887 1410 1065 1466 daher
1098 1410 1189 1465 die
1224 1410 1501 1467 Griechen
1535 1410 1704 1468 das-‘u-
1738 1416 1892 1479 ξένος
1929 1414 2234 1469 branchen.
2271 1414 2378 1470 No.
2404 1414 2490 1483 86,
2518 1416 2602 1469 13.
2671 1414 2814 1468 Eine
2840 1414 3021 1469 drittc

399 1500 725 1571 Beziehung
771 1498 898 1570 gibt
930 1498 1143 1554 Hieron.
1176 1498 1236 1553 in
1269 1500 1474 1555 Lucam
1509 1500 1653 1555 hom.
1691 1501 1753 1570 6,
1809 1501 1916 1555 den
1953 1502 2426 1558 wahrscheinlich
2460 1503 2694 1556 manche
2729 1502 3028 1573 Hymnen-

405 1586 625 1643 dichter
670 1588 745 1642 im
796 1588 959 1659 Auge
1007 1585 1221 1641 hatten.
1318 1586 1399 1642 Er
1432 1592 1593 1659 sagt:
1655 1588 1908 1660 Angelus
1957 1605 2110 1646 novo
2158 1606 2415 1645 sermone
2451 1589 2687 1645 Mariam
2720 1590 3020 1661 salutavit,

408 1692 572 1748 quem
620 1675 678 1731 in
727 1674 876 1730 omni
922 1673 1207 1745 scriptura
1251 1675 1504 1730 invenire
1541 1692 1655 1731 non
1691 1676 1863 1747 potui.
1920 1708 1984 1719 —
2050 1677 2107 1731 id
2145 1678 2288 1733 enim
2326 1677 2475 1749 quod
2510 1678 2619 1732 ait:
2671 1693 2779 1732 ave
2817 1677 3019 1749 gratia

403 1766 591 1837 plena,
630 1762 781 1834 quod
816 1778 1008 1835 graece
1045 1763 1250 1817 dicitur
1282 1765 1701 1838 κεχαριτωμένη,
1738 1763 1836 1819 ubi
1870 1764 1927 1819 in
1964 1765 2263 1835 scripturis
2300 1765 2438 1820 alibi
2473 1765 2730 1837 legerim,
2769 1781 2888 1820 non
2926 1782 3017 1819 re-

398 1852 640 1908 cordor:
704 1851 805 1908 sed
852 1869 1027 1924 neque
1075 1853 1150 1908 ad
1196 1853 1380 1908 virum
1431 1853 1748 1909 istiusmodi
1794 1870 1980 1910 sermo
2028 1861 2145 1926 cst,
2179 1848 2369 1911 ¹salve
2417 1856 2609 1928 gratia
2642 1856 2844 1927 plena,
2900 1856 3014 1912 soli

398 1940 597 1999 Mariae
643 1941 767 1995 haec
813 1940 1084 1996 salutatio
1121 1946 1395 1996 servatur.
1457 1941 1586 1996 Dec.
1625 1945 1712 1997 24.
1775 1947 1831 1998 τί
1865 1942 2023 2000 τοῦτο
2059 1943 2122 2001 τὸ
2161 1947 2419 2018 μέγιστον
2453 1948 2545 1999 καὶ
2580 1947 2737 2010 ξένον
2774 1942 3012 2016 θαῦμας

400 2026 523 2090 πῶς
560 2028 710 2104 φέρω
747 2046 811 2083 σε
847 2030 1100 2103 φέροντα.
1157 2028 1263 2083 No.
1303 2028 1425 2096 364,
1463 2030 1513 2081 1.
1584 2029 1850 2102 σύλληψιν
1885 2033 2036 2101 ξένην
2072 2034 2366 2103 κεκτημένη.
2414 2030 2577 2088 Febr.
2605 2033 2691 2085 11.
2763 2032 2898 2098 ξένα
2922 2034 3014 2085 καὶ

400 2112 698 2190 παράδοξα
733 2113 841 2171 τῶν
875 2113 1121 2192 οὐρανῶν
1155 2114 1189 2171 ὁ
1226 2112 1492 2186 δεσπότης
1531 2116 1623 2171 ἐπὶ
1659 2120 1749 2173 σοὶ
1785 2119 2027 2175 τετέλεκε.
2076 2119 2218 2174 Pent.
2256 2121 2339 2174 19.

577 2202 644 2258 V.
679 2204 765 2258 42.
816 2217 988 2273 poena
1022 2201 1202 2257 heisst
1235 2200 1361 2256 hier
1395 2203 1552 2258 nicht
1585 2202 1799 2273 Strase,
1838 2203 2080 2260 sondern
2115 2205 2271 2273 Pein,
2307 2204 2589 2273 Schmerz,
2627 2204 2774 2261 donn
2811 2223 2878 2261 es
2915 2207 3016 2261 be-

407 2290 561 2347 zieht
597 2290 717 2349 sich
754 2289 863 2347 auf
887 2290 1019 2348 Gen.
1052 2294 1106 2361 3,
1144 2293 1230 2346 13.
1298 2291 1618 2347 Denselben
1651 2292 1792 2347 Sinn
1828 2293 1930 2349 hat
1964 2311 2025 2348 es
2067 2295 2211 2348 auch
2247 2294 2340 2349 bei
2374 2295 2649 2352 Christus.
2687 2296 2777 2352 No
2834 2297 2925 2365 85,
2960 2294 3012 2348 5.

398 2378 458 2434 ἐν
491 2379 571 2451 τῷ
605 2377 813 2435 ὠδίνειν
847 2397 941 2448 σε,
998 2375 1167 2455 κόρη,
1228 2376 1298 2433 τὰ
1330 2375 1551 2456 μήτρων
1587 2376 1686 2435 οὐκ
1722 2382 1917 2453 ἔγνως,
1982 2380 2280 2458 ὑπερφυῶς
2316 2385 2433 2437 ἐπεὶ
2467 2381 2821 2457 συλλαβοῦσα
2857 2381 3014 2439 θεόν.

398 2464 529 2523 nat
568 2468 616 2520 7.

1312 2766 1487 2842 371.
1554 2769 1673 2842 De
1727 2795 1781 2840 s.
1838 2769 2093 2841 Maria.

400 2965 650 3039 Auster
691 2969 875 3053 veni,
919 2970 1128 3054 perfla
1162 2978 1441 3038 mentem
1755 2971 2061 3054 Virgines
2106 2973 2415 3038 mirentur
2459 2980 2730 3040 matrem

401 3080 470 3139 et
514 3073 801 3139 accende
846 3082 1323 3161 torpescentem
1752 3074 2089 3158 virginem,
2137 3082 2294 3158 quae'
2327 3077 2531 3161 prolis
2573 3086 2831 3161 patrem

485 3176 803 3261 aquilonis
846 3176 1127 3263 frigore!
1837 3179 2044 3244 virum
2089 3197 2220 3244 non
2265 3182 2663 3264 cognoverit.

398 3332 616 3425 Surge
662 3348 892 3426 torpor
934 3341 1284 3426 aquilonis,
1461 3332 1465 3337 ’
1752 3338 2185 3410 Amnis-emur
2229 3351 2297 3411 et
2339 3364 2460 3411 nos
2505 3345 2806 3413 mundam

397 3461 576 3509 novo
618 3462 808 3529 rore,
849 3446 1039 3510 novis
1078 3445 1266 3510 donis
1610 3446 1649 3508 5
1755 3448 2166 3531 genitricem,
2212 3450 2331 3514 sed
2365 3451 2712 3519 secundam
2923 3454 3006 3521 2⁰

482 3547 835 3612 fecundato
877 3550 1181 3632 pectore!
1842 3570 2224 3616 veneremur
2266 3554 2610 3639 virginem

397 3706 658 3792 Lingua
695 3715 963 3793 torpens
1007 3711 1340 3776 relaxetur
1751 3715 2059 3782 Mundam
2105 3736 2147 3782 a
2192 3725 2495 3784 contactu
2536 3719 2696 3803 viri,

400 3820 471 3880 et
511 3812 579 3878 in
624 3810 879 3877 laudem
926 3814 1246 3879 excitetur
1751 3820 1819 3884 in
1866 3838 1993 3902 qna
2037 3828 2291 3886 constat
2334 3822 2585 3887 couniri

484 3914 882 3981 venerandae
923 3918 1229 4002 virginis,
1835 3925 2041 3989 verbo
2084 3924 2290 4008 patris
2325 3922 2676 4009 hominem.

399 4080 488 4150 Ut
529 4085 672 4150 laus
712 4083 910 4169 digna
953 4085 1142 4151 detur
1184 4086 1265 4169 ei,
1565 4087 1650 4151 10
1747 4085 1932 4171 Ergo
1976 4088 2167 4171 virgo
2210 4096 2416 4154 mater
2462 4089 2598 4173 dei,
2921 4094 3016 4163 25

401 4205 548 4271 quae
590 4204 720 4252 non
762 4195 1008 4254 tantum
1050 4196 1259 4254 mater
1304 4186 1445 4272 dei,
1747 4192 1816 4257 in
1861 4211 1989 4274 qua
2032 4210 2275 4259 summa
2307 4204 2561 4265 ,nostrae
2602 4197 2754 4279 spei

483 4289 605 4355 sed
651 4290 756 4356 dei
799 4300 868 4357 et
908 4291 1200 4357 hominis·
1717 4336 1750 4369 .
1838 4296 2131 4362 consistit
2175 4305 2241 4364 et
2282 4300 2530 4383 veniae,

400 4450 581 4521 Inter
619 4463 881 4523 matres.
902 4457 1082 4524 nulla
1123 4457 1306 4542 talis,
1748 4458 1999 4544 Regem
2041 4471 2330 4529 nostrum
2361 4464 2549 4532 'tuum
2593 4473 2838 4552 natum,

403 4566 594 4641 quam
637 4556 977 4626 character
1021 4560 1363 4644 virginalis
1748 4562 1956 4628 redde
1997 4566 2184 4630 nobis
2229 4564 2337 4631 hic
2380 4569 2737 4653 placatum,

488 4679 613 4728 nec
654 4668 805 4747 post
842 4672 1102 4753 partum
1149 4666 1407 4735 deserit.
1562 4667 1648 4733 15
1835 4685 1957 4733 nos
1997 4668 2361 4736 reformans
2405 4673 2678 4755 gratiae3
2835 4684 2838 4687 ·
2917 4674 3006 4739 30
