3167 5242
2627 273 2760 340 1¹2⁸?

174 466 391 536 Gaude
434 473 646 533 mater
688 467 1066 532 miserorum
1084 513 1103 551 ‚
1511 460 1738 528 Gaude
1781 479 2021 548 parens
2064 460 2256 545 virgo
2298 481 2484 546 pura,

173 570 316 655 quia
356 577 547 654 pater
590 569 972 635 saeculorum
1512 572 1695 631 certa
1738 584 2003 631 manens
2048 572 2115 630 et
2158 582 2422 648 secura,

253 672 430 738 dabit
472 680 539 737 te
583 672 940 739 colentibus
1600 666 1770 751 quod
1812 667 1958 733 haec
2001 674 2113 732 tua
2157 666 2370 751 gloria

173 783 629 860 congruentem
673 774 782 842 hic
825 776 1190 841 mercedem
1510 789 1642 836 non
1685 770 1996 852 cessabit,
2040 787 2164 834 nec
2211 768 2580 857 decrescet,
2669 775 2756 841 40

170 886 235 945 et
273 879 630 964 fulgentem
672 880 804 946 illic
839 880 1061 945 sedem
1319 881 1402 944 35
1508 873 1629 940 sed
1673 872 1930 939 durabit
1972 891 2053 938 ac
2094 871 2399 940 florescet

247 982 471 1065 regnis
515 983 583 1045 in
626 982 1012 1048 coelestibus.
1398 1035 1413 1048 .
1592 1000 1717 1065 per
1760 987 2008 1046 aeterna
2051 978 2309 1043 saecula.

328 1200 426 1258 112
462 1218 533 1257 zu
564 1201 777 1272 Μαίη,
834 1202 1029 1259 Karth.
1076 1201 1184 1258 No.
1220 1204 1341 1258 599.
1387 1201 1475 1259 Bl.
1511 1203 1600 1259 31.
1648 1189 1764 1258 aus'
1800 1199 1926 1255 dem
1974 1200 2045 1255 14
2089 1197 2287 1255 Jahrh.
2336 1199 2477 1269 (A),
2535 1200 2648 1256 und
2681 1201 2758 1260 im

167 1288 583 1346 Antidotarium
615 1289 815 1345 animm
852 1287 891 1346 f.
925 1291 996 1346 69
1031 1291 1163 1361 (Β).
1230 1290 1327 1347 Hs.
1360 1307 1432 1348 zu
1464 1287 1822 1347 Lichtenthal
1855 1303 1988 1344 vom
2020 1286 2162 1343 Jahr
2199 1288 2340 1342 1400
2375 1286 2497 1358 (L).

334 1432 387 1485 1.
420 1431 458 1484 2
503 1428 689 1484 haben
723 1427 927 1486 keinen
960 1427 1280 1485 fflttelreim
1326 1430 1440 1486 und
1486 1429 1615 1485 sind
1648 1425 2121 1484 wahrscheinlich
2153 1425 2490 1484 verdorhen.
2556 1431 2593 1484 2
2629 1444 2757 1501 quoe

170 1521 231 1573 tu
265 1534 308 1573 s.
342 1518 422 1587 B,
460 1521 523 1574 tu
556 1534 683 1590 quae
720 1535 765 1573 s.
799 1519 859 1576 G.
929 1520 965 1573 3
1002 1515 1145 1575 fehlt
1178 1518 1238 1574 in
1270 1518 1400 1588 AL,
1435 1516 1689 1591 piissima
1720 1520 1799 1587 D,
1836 1513 2158 1572 dulcissima
2189 1516 2250 1572 L.
2320 1516 2356 1572 8
2390 1517 2665 1573 honorem
2698 1517 2761 1574 G.

169 1604 203 1660 9
233 1605 632 1662 transcendens
668 1603 965 1661 luciferum
998 1607 1060 1662 D.
1133 1609 1202 1661 12
1240 1622 1527 1663 numerum
1558 1607 1670 1664 Bc.
1738 1606 1806 1661 13
1846 1604 2157 1677 voluptatis
2182 1604 2247 1674 B,
2282 1603 2438 1659 nicht
2461 1607 2579 1677 gut,
2616 1604 2764 1660 deun

166 1699 355 1751 votum
375 1695 445 1750 16
461 1693 685 1749 bezieht
712 1695 831 1750 sich
851 1691 961 1751 auf
976 1694 1257 1751 voluntas.
1325 1697 1392 1748 15
1411 1695 1462 1769 j.
1490 1713 1551 1751 es
1578 1711 1630 1750 a.
1655 1694 1715 1764 L,
1751 1694 1832 1750 sis
1859 1691 1898 1750 f.
1925 1694 2006 1749 sic
2033 1695 2142 1752 GD.
2210 1694 2279 1746 16
2305 1697 2364 1749 et
2391 1725 2455 1735 —
2483 1708 2682 1749 vocem
2699 1693 2763 1749 D.

169 1782 235 1836 17
259 1798 329 1839 ac
361 1780 404 1840 f.
431 1797 553 1838 cum
579 1782 642 1838 B.
686 1781 790 1837 Die
819 1782 936 1838 Str.
966 1783 1002 1837 4
1028 1784 1180 1839 steht
1205 1782 1350 1838 nach
1376 1782 1488 1839 Str.
1516 1785 1551 1837 5
1590 1782 1649 1837 in
1676 1783 1742 1838 B.
1803 1783 1872 1838 18
1908 1798 1946 1839 a
1981 1782 2120 1839 Jesu
2154 1781 2219 1849 D,
2256 1777 2325 1834 de
2358 1779 2410 1837 J.
2446 1780 2506 1837 G.
2577 1782 2646 1836 19
2680 1797 2765 1853 sp.

169 1882 326 1940 cara,
363 1870 491 1927 alle.
566 1873 640 1927 20
674 1871 954 1928 claritatis
989 1872 1052 1927 D.
1133 1874 1205 1926 22
1248 1872 1445 1927 urbem
1486 1872 1617 1942 AB,
1680 1871 1733 1926 si
1770 1870 1836 1927 D.
1928 1873 2001 1927 23
2035 1875 2135 1927 tua
2169 1869 2231 1926 D.
2313 1870 2385 1924 26
2418 1870 2665 1942 prudens
2698 1871 2772 1927 A.

166 1958 236 2011 29
269 1958 362 2012 dei
394 1956 436 2013 f.
469 1959 611 2015 Jesu
643 1960 711 2015 Α.
781 1959 852 2014 35
887 1955 1164 2030 felicipoli
1197 1960 1261 2028 D,
1297 1955 1520 2014 felicem
1553 1958 1677 2032 poli
1711 1974 1757 2014 s.
1793 1958 1943 2015 BCL.
2014 1959 2087 2015 36
2122 1958 2288 2032 regni
2320 1956 2430 2015 AL.
2498 1960 2570 2013 37
2586 1962 2769 2014 mater

164 2039 202 2099 f.
239 2060 364 2117 par.
401 2046 508 2103 GD.
577 2047 649 2100 39
684 2044 816 2117 quia
846 2045 909 2114 D,
947 2046 1096 2116 quod
1132 2050 1193 2101 et
1224 2046 1286 2115 G,
1323 2046 1535 2117 gaudia
1566 2044 1608 2101 f.
1646 2044 1854 2118 gloria,
1891 2046 2004 2101 und
2038 2047 2186 2101 dann
2220 2046 2283 2101 in
2316 2045 2421 2101 den
2456 2042 2768 2117 folgenden

162 2130 384 2187 Vel-sen
418 2131 533 2188 alle
568 2132 910 2189 zeitworter
943 2132 1018 2188 im
1053 2132 1251 2189 Plural
1283 2133 1441 2191 Bon.
1509 2134 1582 2190 40
1618 2132 1896 2189 decrescit
1926 2134 1987 2190 L.
2058 2135 2125 2190 41
2163 2129 2417 2190 florescit
2448 2133 2509 2189 L.

340 2270 407 2327 V.
444 2270 634 2326 8—12.
683 2265 910 2343 ἀληθῶς
944 2268 1218 2349 ὖπερτέρα
1253 2272 1506 2343 πέφυκας
1538 2257 1722 2343 πᾶσης
1756 2268 1852 2343 τῆς
1885 2276 2125 2342 κτίσεως,
2161 2270 2303 2329 ὅθεν
2339 2269 2417 2335 ὥς
2449 2269 2626 2349 μήτηρ
2660 2292 2762 2331 του

165 2354 332 2431 μόνον
367 2355 641 2415 δεσπότου
667 2361 854 2435 φέρεις
887 2358 1025 2414 κατὰ
1051 2355 1269 2416 πάντων
1296 2355 1540 2435 ἀρχικοῖς
1565 2357 1630 2415 τὸ
1657 2359 1927 2431 &timpum
1963 2358 2195 2415 Octoeclt.
2216 2360 2338 2414 150.
2372 2359 2431 2416 S.
2450 2360 2556 2417 No,
2573 2363 2696 2430 477,
2716 2363 2766 2417 1.

336 2445 406 2501 V.
440 2447 529 2502 23.
583 2450 683 2502 tua
716 2461 858 2518 pax,
911 2447 1166 2505 Christus
1214 2446 1302 2503 als
1349 2446 1510 2504 Sohn
1555 2446 1753 2504 naria.
1825 2446 1892 2503 si
1945 2446 2202 2504 Christus
2255 2447 2600 2504 credentium
2650 2464 2766 2521 pax

165 2537 267 2604 eet,
304 2533 636 2605 quicumque
672 2534 795 2590 sine
827 2551 969 2606 pace
1002 2541 1118 2605 eet,
1155 2539 1564 2607 consequenter
1599 2550 1714 2593 non
1749 2534 1924 2591 habet
1957 2533 2255 2591 Christum.
2325 2534 2541 2591 Hieron.
2577 2534 2637 2592 in
2672 2547 2762 2608 ep.

164 2620 236 2677 ad
270 2619 411 2694 Eph.
446 2625 500 2691 2,
538 2624 620 2678 14.
690 2622 748 2679 S.
783 2622 889 2678 No.
924 2625 1046 2692 512,
1078 2623 1166 2678 67.

329 2708 397 2764 V.
432 2711 522 2764 42.
574 2713 789 2765 aeterna
834 2707 1047 2764 saecula
1098 2709 1251 2766 steht
1295 2709 1420 2764 hier
1465 2705 1564 2774 fiir
1616 2707 1718 2766 das
1766 2706 2122 2781 gowenliehe
2157 2706 2369 2764 saecula
2404 2708 2763 2781 saeculorum,

160 2795 302 2852 nach
335 2795 526 2853 Galat.
563 2800 612 2866 1,
646 2798 697 2853 4.
710 2837 725 2866 ,
787 2812 859 2851 zu
890 2795 1142 2852 welcher
1175 2795 1356 2853 Stelle
1392 2796 1608 2853 Hieron.
1647 2796 1799 2852 diese
1834 2795 2157 2867 Erklfirung
2191 2795 2341 2868 gibt:
2408 2796 2643 2865 Quidam
2677 2797 2761 2854 di-

160 2887 304 2954 cunt,
337 2883 596 2939 eumdem
628 2899 756 2938 esse
789 2898 1011 2938 sensum
1047 2883 1106 2936 in
1142 2882 1366 2938 saeculis
1394 2882 1748 2950 saeculerum,
1784 2898 1949 2954 quem
1981 2883 2041 2938 in
2077 2884 2288 2939 sanctis
2324 2889 2664 2953 sanctorum,
2698 2885 2761 2940 in

165 2969 321 3026 coelis
370 2971 677 3039 coelorum,
729 2970 789 3024 in
837 2969 1103 3040 operibus
1138 2986 1399 3041 operum,
1451 2969 1511 3025 in
1548 2969 1782 3025 canticis
1819 2969 2195 3040 canticorum3
2258 2975 2318 3026 et
2351 2986 2517 3042 quam
2550 2972 2765 3028 habent

165 3053 540 3114 differentiam
583 3055 716 3111 coeli
749 3055 823 3110 ad
848 3072 967 3124 eos,
1003 3070 1237 3126 quorum
1264 3055 1398 3112 coeli
1423 3060 1570 3127 sunt,
1610 3061 1670 3112 et
1691 3060 1902 3128 sancta,
1947 3073 2072 3129 quse
2109 3063 2434 3113 sanctorum
2472 3074 2766 3130 compara·

165 3142 316 3200 tione
349 3148 487 3201 sunt
523 3143 829 3213 sanctiora,
864 3147 924 3197 et
957 3157 1152 3214 opera,
1188 3158 1312 3215 quse
1348 3160 1579 3216 operum
1613 3142 1949 3214 praelatione
1985 3143 2225 3198 meliora
2250 3149 2398 3213 sunt,
2438 3150 2499 3200 et
2523 3145 2764 3216 cantica,

168 3246 289 3303 (με
323 3234 475 3290 inter
512 3231 734 3287 cantica
768 3229 1034 3286 universa
1065 3229 1432 3303 praecellunt:
1481 3231 1730 3286 eamdem
1763 3230 1975 3287 habere
2011 3234 2071 3286 et
2106 3230 2390 3301 saeculum,
2426 3246 2551 3303 quae
2588 3248 2766 3288 saecu-

166 3316 346 3377 lorum
381 3319 694 3379 collatione
732 3322 863 3375 sunt
896 3317 1121 3373 saecula.
1200 3317 1260 3375 S.
1294 3317 1401 3374 No.
1435 3321 1555 3391 532,
1592 3320 1680 3375 30.

334 3477 475 3533 Eine
514 3475 722 3533 andere
756 3473 1084 3549 Absassung
1119 3476 1304 3532 die-es
1337 3475 1538 3533 Liedes
1574 3477 1728 3533 steht
1760 3475 1819 3530 in
1853 3475 2002 3530 :wei
2032 3475 2157 3532 Hes.
2172 3515 2188 3547 ,
2236 3474 2479 3531 ndmlich
2513 3477 2572 3532 in
2607 3479 2769 3536 einer

167 3560 259 3640 ῌι.
293 3562 392 3620 des
425 3563 564 3621 Hrn.
600 3562 844 3619 Emman-
882 3563 1136 3636 Cicogna
1169 3580 1241 3619 zu
1273 3561 1528 3635 Venedig
1565 3562 1675 3618 No.
1710 3563 1855 3619 2336
1887 3578 2022 3618 vom
2054 3562 2198 3618 Jahr
2238 3563 2379 3617 1430
2414 3564 2525 3636 (Ο)
2563 3566 2676 3622 und
2708 3569 2770 3626 in

171 3645 269 3704 der
310 3651 407 3708 Hs.
442 3667 519 3708 zu
550 3649 821 3706 Miinchen
837 3691 853 3721 ,
889 3651 1028 3708 clm.
1068 3652 1173 3707 No.
1208 3652 1350 3706 5974
1385 3647 1488 3707 fol.
1525 3651 1632 3706 108
1680 3649 1780 3705 des
1827 3652 1895 3705 15
1931 3650 2129 3708 Jahrh.
2180 3650 2293 3720 (D)
2335 3650 2437 3706 mit
2483 3654 2607 3712 dem
2641 3658 2772 3714 Bei-

174 3742 352 3795 ratze:
427 3736 745 3810 composita
779 3753 817 3794 a
855 3736 1023 3793 beato
1060 3738 1273 3795 Thema
1306 3738 1554 3809 archiep.
1593 3737 2001 3795 cantuariensi.
2072 3738 2134 3794 ln
2167 3737 2371 3794 beiden
2405 3739 2530 3800 lise.
2567 3741 2770 3818 folgeu

174 3823 260 3880 die
292 3825 475 3883 Verso
513 3825 612 3881 des
652 3824 863 3897 obigen
896 3824 1099 3882 'l'extes
1150 3839 1218 3882 so
1253 3824 1361 3883 auf
1387 3825 1682 3883 einander:
1744 3828 1936 3882 ’7-12.
1986 3828 2213 3882 19-30.
2269 3829 2494 3886 13-18,
2540 3834 2769 3889 31-36.

173 3915 262 3969 1-
271 3918 320 3973 6.
354 3919 587 3973 37-42.
624 3915 738 3971 und
773 3916 818 3973 C
852 3915 955 3972 hat
986 3916 1310 3973 ausserdem
1344 3916 1491 3974 noch
1525 3916 1681 3974 diese
1712 3915 2099 3988 Endstrophe:

375 4006 424 4065 Ο
460 4019 677 4076 sponsa
711 4002 802 4058 dei
835 4003 1020 4060 electa
1035 4044 1052 4074 ,
1728 4005 1825 4062 uhi
1858 4020 1972 4077 pax
2006 4011 2094 4061 est
2128 4009 2188 4063 et
2222 4005 2415 4078 gloria
2430 4046 2447 4076 ,

375 4100 505 4152 esto
542 4093 708 4150 nobis
742 4092 839 4148 via
873 4097 1035 4148 recta
1730 4095 1794 4148 tu
1828 4107 1934 4146 nos
1975 4107 2195 4163 semper
2231 4107 2369 4146 aure
2403 4091 2503 4162 pia

446 4183 523 4241 ad
557 4187 774 4239 aeterna
807 4180 1044 4254 gaudia,
1798 4177 1977 4234 dulcis
2013 4179 2213 4235 exaudi
2225 4218 2241 4249 ,
2278 4196 2315 4235 o
2351 4178 2544 4235 Maria.

175 4265 272 4324 Die
305 4273 340 4325 2
377 4275 573 4327 ersten
607 4267 790 4326 Verse
827 4267 1015 4323 dieser
1049 4266 1299 4338 Strophe
1333 4263 1591 4321 kommen
1626 4264 1771 4320 auch
1803 4264 1863 4320 in
1895 4265 2002 4321 No.
2037 4268 2160 4335 457,
2194 4269 2283 4321 31.
2318 4268 2389 4320 32
2422 4281 2546 4323 vor.
2599 4267 2768 4324 Diese

173 4358 369 4414 zweite
414 4355 747 4429 Abfassung
795 4357 896 4413 des
943 4355 1141 4411 Liedes
1189 4352 1529 4410 beobachtet
1574 4353 1699 4408 eine
1744 4354 1991 4425 gewisse
2041 4354 2385 4427 Steigernng
2428 4354 2541 4411 und
2588 4355 2770 4427 hangt

174 4442 336 4500 dafi'ir
371 4450 476 4518 gut
512 4461 855 4515 zusammen;
915 4443 1007 4499 die
1043 4443 1213 4515 obige
1251 4442 1510 4514 dagegen
1545 4440 1780 4513 beginnt
1824 4442 1926 4496 mit
1960 4441 2060 4497 der
2096 4443 2367 4497 hochsten
2400 4441 2549 4498 Ehre
2583 4443 2767 4501 Maria

173 4531 281 4587 und
315 4533 486 4605 zeigt,
521 4529 629 4587 auf
651 4533 912 4588 welchen
947 4529 1152 4588 Stufen
1187 4531 1269 4586 sie
1309 4529 1450 4585 dazu
1486 4527 1726 4600 gelangt
1760 4527 1852 4583 ist.
1906 4527 2178 4583 Welches
2214 4528 2307 4583 die
2332 4532 2766 4610 urspriingliche

173 4617 521 4692 Auffassung
568 4620 665 4676 des
700 4621 961 4678 Dichters
1005 4635 1135 4675 war
1152 4659 1167 4689 ‚
1230 4618 1383 4675 kann
1428 4617 1520 4673 ich
1570 4614 1728 4672 nicht
1773 4615 2044 4687 angeben.
2116 4617 2259 4672 Dass
2293 4634 2358 4674 er
2392 4618 2486 4674 ein
2519 4620 2768 4677 Romane

172 4718 310 4777 war,
343 4707 567 4765 scheint
599 4710 699 4766 der
731 4709 1055 4768 fflttelreim
1090 4713 1266 4768 tantm
1285 4725 1299 4767 :
1319 4711 1530 4766 sanctae
1565 4708 1620 4764 4.
1655 4707 1690 4761 5
1725 4721 1799 4763 zu
1834 4706 2154 4763 verrathen.

258 4827 428 4887 Mane,
454 4828 627 4877 latein-
658 4829 908 4887 Hymen.
934 4831 999 4878 11.
2262 4803 2350 4869 12
2367 4859 2380 4864 -
