3167 5242
237 491 423 558 spem
467 471 694 539 salutis
737 490 818 539 ac
858 473 1112 538 virtutis

234 578 423 645 nobis
468 578 725 645 confers
772 578 1038 644 coelitus.

8 732 9 735 ,
145 681 503 751 facinorum
547 681 842 750 aculeum

147 795 346 870 atque
390 786 581 852 limen
623 794 973 853 tartareum

234 891 613 975 confregisti
630 939 648 975 ‚
692 892 972 976 abegisti

233 1000 346 1059 tuo
390 993 602 1059 fructu
644 994 919 1079 penitus.

139 1143 476 1257 ‘rdpanis
518 1190 639 1238 vas
681 1180 749 1238 et
793 1172 956 1256 olei,

136 1273 446 1340 columna
488 1282 729 1340 nostrae
771 1272 954 1358 fidei,

233 1394 354 1441 nos
398 1374 669 1444 dulcora
711 1379 848 1443 sine
891 1395 1103 1463 mora,

234 1479 371 1564 poli
413 1481 584 1546 roris
627 1482 879 1548 cellula.

142 1589 221 1649 tu
263 1582 460 1650 lilium
504 1585 919 1670 convallium,

141 1690 222 1752 tu
261 1685 568 1751 nuditatis
610 1687 905 1773 pallium,

232 1795 298 1851 te
345 1785 649 1871 ducente,
692 1796 1082 1873 protegente

235 1890 458 1956 firmor
498 1893 564 1957 in
607 1893 984 1977 procellula.

133 2069 285 2138 Sub
330 2070 540 2156 figura
582 2061 976 2159 'praepararis
995 2125 1012 2160 ‚

143 2176 514 2242 luculenter
550 2178 965 2244 circumdaris

155 2321 164 2334 .
231 2279 504 2361 gemmis
549 2289 616 2345 et
659 2283 1095 2348 carbunculis:

131 2383 334 2467 quasi
379 2381 645 2448 thronus
689 2381 1054 2452 Salomonis

137 2486 562 2553 ammirandae
607 2489 874 2554 visionis

233 2591 498 2656 muniris
519 2591 872 2658 leunculis.

136 2771 372 2856 'leque
416 2776 578 2840 ebur
619 2777 935 2843 castitatis
955 2826 972 2860 ‚

137 2897 377 2944 aurum
419 2878 663 2944 fulvum
710 2881 1020 2947 claritatis

238 2991 556 3049 exornant
599 2983 863 3068 deifice,

159 3086 312 3170 quia
354 3087 419 3151 in
464 3095 528 3152 te
574 3087 680 3153 dei
724 3097 911 3154 natus

143 3205 322 3252 nunc
364 3207 486 3273 pro
529 3191 716 3256 nobis
759 3192 1131 3258 incarnatus

238 3293 480 3374 quievit
522 3294 806 3362 mirifice.

142 3471 246 3549 ΤΘ
293 3482 375 3548 de
419 3484 584 3549 coelo
629 3485 872 3551 calidus

150 3588 359 3653 imber
402 3587 585 3652 nimis
629 3590 884 3655 validus

15 3763 16 3774 χ
236 3698 437 3754 totam
469 3691 889 3775 perundavit3

15 3795 16 3800 ’
143 3792 459 3877 quidquid
503 3795 571 3860 in
615 3803 679 3860 te
723 3796 955 3880 fragile

145 3899 270 3992 tuit
314 3906 425 3963 aut
466 3901 803 3983 passibile,

235 4004 491 4086 penitus
536 3989 818 4070 mutavit.

147 4161 327 4229 Caro
373 4172 481 4229 tua
525 4166 734 4230 labilis

15 4315 16 4326 η
147 4267 225 4334 fit
277 4271 513 4336 virtute
559 4271 806 4338 stabilis

237 4374 331 4439 tui
374 4373 756 4458 conditoris;

153 4483 267 4543 tua
311 4495 499 4545 sacra
540 4481 796 4547 viscera

147 4591 618 4651 conservantur
659 4587 916 4673 integra

238 4694 388 4751 ortu
429 4686 789 4756 salvatoris.

1306 473 1390 540 95

1266 993 1389 1057 100

1171 1625 1176 1633 ⁴
1265 1587 1388 1651 105

1263 2180 1386 2244 110

1266 2782 1390 2846 115

1269 3297 1392 3362 120

1264 3905 1389 3969 12⁵

1270 4485 1394 4549 130

1496 471 1835 538 Generosa
1880 489 1961 539 ac
2002 472 2319 555 formosa,

1497 582 1562 640 te
1607 574 1938 642 mundavit
1978 593 2177 641 verus
2224 574 2435 642 David
2448 625 2467 661 ,

1581 697 1703 742 rex
1738 677 2119 761 nobilitatis,

1493 779 1558 845 in
1603 781 1960 846 mammillis
2004 788 2072 846 et
2117 777 2397 865 capillis,

1492 883 1559 949 in
1603 884 1878 950 maxillis
1925 903 2008 949 ex
2053 884 2345 950 scintillis

1579 1004 1717 1051 suae
1763 985 2038 1051 deitatis.

1492 1171 1587 1238 Te
1631 1173 1919 1259 providit
1961 1181 2029 1240 et
2071 1174 2313 1241 excidit

1491 1296 1716 1343 manus
1760 1276 1866 1343 dei
1907 1286 2152 1344 nostrae
2195 1278 2336 1363 spei
2350 1325 2368 1361 ‚

1577 1382 1665 1448 ad
1708 1389 1772 1447 te
1819 1399 1963 1448 cum
2005 1382 2301 1466 intravit,

1490 1493 1637 1551 tuos
1684 1493 1864 1550 artus
1909 1486 2059 1550 novi
2096 1493 2321 1569 partus

1490 1586 1934 1673 pulchritudo,
1980 1586 2296 1653 celsitudo

1578 1691 1867 1775 singulos
1911 1691 2145 1756 beavit.

1489 1880 1699 1965 Virgo
1744 1881 2299 1968 commendabilis,

1492 1987 1754 2051 multum
1799 1987 2265 2072 praedicabilis,

1491 2091 1669 2155 nulla
1712 2092 1826 2156 tibi
1870 2092 2122 2176 similis,

1576 2200 1818 2275 mater,
1861 2193 1926 2257 in
1969 2193 2070 2258 his
2116 2192 2390 2258 semitis:

1491 2305 1563 2364 tu
1604 2294 1919 2361 medelam
1962 2296 2248 2361 vulneris

1493 2399 1826 2465 efficacem
1870 2401 2113 2465 veteris

1491 2504 1670 2592 paris
1716 2504 1901 2570 nobis
1946 2503 2197 2569 miseris

1579 2615 1740 2681 dirae
1784 2616 1971 2681 morti
2017 2615 2265 2681 deditis.

1495 2820 1694 2909 Spem
1740 2824 2048 2907 relinquis
2091 2823 2373 2907 posteris

1495 2928 1805 3011 subjectis
1848 2927 1984 2992 luto
2030 2928 2253 2991 lateris

1496 3037 1560 3094 et
1606 3034 1852 3093 reatum
1897 3029 2176 3092 conteris

1579 3134 2000 3217 stringentem
2043 3139 2112 3196 ut
2146 3131 2381 3214 fascia,

1497 3256 1640 3303 cum
1682 3235 1990 3321 producis
2035 3233 2235 3299 filium

1494 3342 1673 3410 velut
1718 3341 2001 3407 candens
2045 3341 2242 3406 lilium

1494 3463 1790 3531 praesens
1834 3444 1897 3508 in
1944 3442 2232 3525 exilium,

1580 3549 1707 3614 viri
1750 3547 1921 3612 thori
1963 3547 2199 3613 nescia.

1491 3756 1753 3823 Laetare
1797 3762 2002 3846 mater
2040 3755 2300 3838 gratiae,

1493 3858 1730 3925 sedens
1774 3858 1840 3923 in
1885 3859 2089 3942 patris
2135 3859 2274 3924 acie

1483 3964 1626 4048 jam
1669 3962 1962 4027 revelata
2006 3961 2171 4028 facie

1493 4075 1564 4132 tu
1611 4065 1797 4129 deum
1840 4062 2025 4127 vides
2070 4062 2300 4146 gloriae

1580 4168 1765 4232 nimis
1809 4166 2160 4232 consolata.

1493 4291 1664 4338 nunc
1709 4290 1913 4356 regno
1959 4270 2065 4340 dei
2106 4272 2342 4337 frueris

1495 4375 1770 4441 feliciter
1816 4394 1960 4440 cum
1995 4375 2218 4440 liberis

1495 4487 1561 4545 et
1607 4485 1931 4564 sceptrum
1979 4480 2155 4562 geris
2202 4478 2431 4545 sideris

1493 4583 1806 4666 insignius
1847 4584 2267 4667 praeceteris,

1582 4704 1625 4752 o
1667 4688 1856 4771 virgo
1898 4686 2121 4755 beata!

2610 279 2747 351 415

2614 682 2737 747 136

2606 1279 2737 1345 140

2608 1883 2731 1949 145

2609 2401 2735 2465 150

2611 3029 2737 3092 155

2610 3544 2734 3609 160

2611 4165 2733 4229 165

2611 4684 2734 4748 170
