3167 5242
336 237 467 304 10*

287 458 294 465 -
336 424 642 495 Dominus
685 440 829 488 cum
871 417 1190 484 hominem

421 526 627 591 voluit
662 522 872 590 creari
885 570 903 606 ,

338 629 616 702 omnium
658 633 729 692 tu
773 625 1096 691 dominum

423 731 674 817 gaudes
716 729 1054 796 humanari
1184 746 1193 754 ·

337 837 406 906 in
447 844 515 903 te
557 836 750 919 virgo
793 836 1118 920 virginum
1132 882 1152 918 ,

425 956 553 1024 quo
597 957 717 1003 nos
760 939 888 1003 scis
932 937 1151 1020 beari,

337 1043 720 1128 angelorum
765 1043 1089 1126 agminum

424 1157 670 1214 turmas
713 1147 1030 1231 reparari.

343 1341 568 1408 Tecum
611 1334 720 1401 dei
761 1334 966 1417 filius,

426 1442 537 1526 qui
579 1448 646 1507 te
692 1438 1017 1505 dedicavit

339 1555 409 1615 et
449 1554 522 1613 ut
561 1548 798 1613 vitrum
839 1544 1062 1611 radius

426 1651 585 1717 solis
629 1648 1015 1716 subintravit
1034 1695 1053 1730 ,

339 1775 538 1824 carne
581 1760 839 1839 sumpta
880 1751 1184 1838 proprius

426 1869 493 1926 te
538 1859 922 1926 inhabitavit

339 1972 410 2031 et
450 1981 572 2029 nos
615 1962 738 2027 sibi
780 1959 1050 2045 propius

423 2086 548 2154 per
591 2074 658 2132 te
701 2064 1046 2150 copulavit.

340 2260 679 2329 Benedicta
721 2257 856 2323 filia
869 2304 889 2341 ‚

429 2382 577 2451 quae
617 2365 797 2449 paris
840 2367 1179 2447 parentem
1197 2406 1216 2443 ‚

341 2470 532 2540 lactis
577 2465 879 2533 alimonia

429 2573 637 2641 nutris
683 2579 749 2636 te
793 2576 1201 2657 pascentem,

344 2679 610 2761 stringis
652 2677 821 2741 inter
864 2673 1135 2742 brachia

434 2788 666 2849 cuneta
708 2780 1139 2845 continentem

342 2894 540 2971 atque
584 2883 790 2968 cingis
835 2883 1042 2948 fascia

431 2989 646 3057 omnia
688 2994 1042 3072 regentem.

345 3203 435 3270 Tu
476 3205 544 3269 iu
584 3199 946 3268 mulieribus

425 3305 619 3388 virgo
664 3298 1020 3385 concepisti

341 3414 412 3472 et
452 3408 591 3471 sine
637 3404 969 3470 doloribus

428 3510 620 3591 virgo
662 3507 1006 3592 peperisti,

342 3620 496 3698 post
536 3619 794 3695 partum
835 3611 904 3677 in
947 3609 1239 3679 omnibus

430 3718 623 3803 virgo
666 3717 1078 3803 permansisti
1092 3738 1138 3799 ,⁴
1251 3724 1258 3730 ’

341 3822 486 3889 sola
528 3824 625 3888 sic
667 3820 1028 3888 hominibus

428 3927 628 4009 vitam
671 3925 1015 3992 contulisti.

336 4134 423 4202 Et
462 4134 558 4201 sic
596 4154 855 4219 semper
891 4132 1160 4219 speculo

424 4237 651 4320 purior
693 4239 1030 4317 manebas,

337 4358 462 4407 nec
504 4340 706 4425 legali
749 4340 1011 4406 vinculo

425 4453 698 4511 matrum
740 4444 1133 4532 subjacebas
1146 4491 1167 4530 ,

337 4552 556 4613 tamen
599 4567 743 4614 cum
776 4549 1092 4615 infantulo

426 4650 619 4734 virgo
660 4649 1102 4737 procedebaS,

1497 624 1583 687 35

1505 1746 1591 1811 45

1503 2357 1587 2421 50

1507 2877 1592 2940 55

1506 3506 1592 3570 60

1505 4134 1590 4198 65

1500 4653 1591 4721 70

1689 414 1965 483 hostiam
2008 432 2129 502 pro
2172 413 2450 501 parvulo

1778 522 2019 607 templo
2063 520 2409 587 offerebas.

1687 711 2058 777 Benedictus
2099 707 2302 794 filius,

1762 830 1899 896 ,per
1941 819 2009 879 te
2051 812 2239 878 nobis
2285 810 2506 894 datus,

1689 922 1758 981 et
1799 915 1868 979 in
1911 914 2157 1000 templo
2196 914 2449 997 gratius

1774 1018 1949 1103 patri
1989 1025 2422 1103 praesentatus
2440 1066 2459 1102 ,

1691 1120 1811 1187 sed
1853 1123 1920 1186 in
1968 1140 2163 1187 cruce
2204 1122 2461 1207 plenius

1776 1244 1901 1311 per
1944 1243 2019 1290 se
2061 1225 2421 1292 immolatus
2435 1275 2455 1308 ,

1692 1329 1758 1393 in
1803 1329 1995 1394 altari
2041 1330 2331 1395 crebrius

1780 1454 1822 1499 a
1862 1434 2052 1499 nobis
2097 1434 2369 1502 oblatus.

1694 1614 1985 1694 Fructus,
2031 1614 2134 1679 cui
2177 1614 2424 1681 coelicae

1783 1719 2295 1786 conversationis

1694 1824 2027 1909 speculum
2071 1822 2388 1906 angelicae

1782 1926 2176 1991 invitationis

1691 2030 1966 2095 formam
2011 2029 2126 2094 dat
2166 2027 2457 2096 mirificae

1780 2132 2335 2217 contemplationis
2352 2180 2370 2217 ,

1693 2236 2059 2321 exemplum
2102 2236 2469 2320 magnificae

1779 2339 2195 2424 operationis.

1706 2521 1955 2587 Ventris
1992 2524 2085 2587 tui
2128 2522 2392 2588 castitas

1783 2624 2013 2691 coelum
2058 2623 2423 2710 decoravit,

1696 2728 1991 2813 corporis
2036 2728 2396 2793 fecunditas

1781 2828 2082 2894 mundum
2127 2831 2461 2915 reparavit

1696 2935 2042 3018 cordisque
2086 2933 2411 3002 humilitas

1784 3038 1973 3103 deum
2017 3037 2383 3122 inclinavit,

1694 3142 1999 3207 virtutum
2036 3141 2338 3207 nobilitas

1783 3263 1998 3311 mores
2042 3246 2434 3312 reformavit.

1700 3433 1814 3500 Tui
1859 3430 2106 3496 ventris
2152 3428 2286 3494 filio

1784 3555 1955 3602 nunc
1998 3535 2353 3618 associata,

1691 3642 1760 3706 in
1803 3642 2016 3724 regali
2058 3640 2223 3705 solio

1780 3764 1823 3809 a
1867 3742 2112 3808 dextris
2155 3743 2403 3825 locata,

1674 3840 2042 3913 'excellenti
2082 3848 2353 3931 praemio

1778 3969 2021 4034 regnas
2064 3951 2440 4035 sublimata,

1693 4073 1941 4123 summo
1977 4057 2325 4141 privilegio

1780 4161 2072 4226 omnibus
2115 4161 2411 4246 praelata.

1694 4340 1929 4409 Jhesus
1972 4341 2185 4406 carnis
2220 4348 2558 4409 stemmate

1769 4443 1912 4529 jam
1956 4451 2021 4509 te
2065 4443 2475 4529 perdotavit‚

1694 4556 1959 4634 sceptro
2002 4550 2194 4632 regni
2240 4547 2525 4616 themate

1781 4661 1846 4723 te
1890 4654 2415 4743 praehonoravit,

2854 917 2947 979 ¹15

2856 1436 2952 1502 80

2859 2031 2951 2096 85

2864 2630 2955 2695 90

2866 3149 2955 3212 95

2824 3745 2955 3812 100
