3167 5242
1937 439 2333 506 aeternaliter
2956 434 3014 497 4⁵

1939 546 2333 612 devocamus
2378 542 2465 611 ad
2510 561 2689 608 aram

1936 646 2345 714 mactandum
2388 642 2854 729 mysterialiter.

573 451 788 536 ipsum
831 447 1034 511 solem
1071 443 1345 529 justitiae

571 552 862 621 indutum
905 568 1102 616 carne
1115 596 1133 631 ‚

571 658 765 724 -ducis
807 656 876 721 in
921 655 1164 722 orbem.

581 797 793 881 Virgo
840 793 1040 860 decus
1077 790 1330 876 mundi,
1642 792 1731 855 1o
1937 786 2106 852 Hinc
2148 804 2384 852 manna
2425 801 2655 848 verum

578 901 813 985 regina
855 898 1004 964 coeli
1018 946 1036 982 ,
1936 889 2297 958 Israhelitis
2340 888 2549 971 veris,
3072 965 3073 976 ἵ

578 1003 942 1090 praeelecta
982 1008 1054 1065 ut
1098 999 1238 1083 sol,
1936 988 2230 1059 Abrahae
2282 988 2432 1054 filiis
2956 983 3008 1045 50
3072 983 3073 994 ¹

577 1106 856 1193 pulchra
897 1104 1142 1169 lunaris
1185 1110 1256 1167 ut
1298 1101 1517 1185 fulgor
1532 1149 1551 1186 ,
1936 1094 2399 1161 admirantibus
3072 1085 3073 1138 ἱ

581 1228 871 1293 agnosce
917 1225 1138 1272 omnes
1664 1226 1671 1232 ·
1940 1196 2296 1282 quondam,
2341 1193 2563 1279 Moysi

581 1322 650 1380 te
696 1312 1059 1396 diligentes.
1649 1309 1730 1372 15
1943 1300 2118 1385 quod
2147 1309 2344 1385 typus
2373 1298 2717 1382 figurabat,
2743 1296 2870 1382 jam
2891 1307 3008 1357 nuno

491 1445 498 1451 ’
1941 1405 2222 1472 abducto
2268 1404 2419 1467 velo

479 1509 546 1574 3.
593 1507 686 1571 Te
731 1505 991 1589 plenam
1035 1500 1166 1566 fide
1942 1510 2131 1575 datur
2174 1507 2476 1592 perspici.
2790 1585 2799 1596 .
2953 1499 3006 1560 55

581 1611 839 1694 virgam
884 1608 1114 1672 almam
1158 1602 1379 1688 stirpis
1422 1601 1617 1670 Jesse

579 1713 976 1786 nascituram

580 1820 841 1903 priores
887 1810 1428 1878 desideraverant

581 1926 808 2005 patres
854 1924 922 1981 et
967 1912 1330 1999 prophetae.
1453 1995 1478 2010 ο
1646 1910 1730 1975 20

584 2057 679 2124 Te
723 2059 968 2142 lignum
1010 2057 1166 2120 vitae

583 2170 813 2228 sancto
856 2169 1122 2227 rorante
1166 2165 1512 2246 pneumate

580 2269 940 2352 parituram

585 2371 788 2436 divini
831 2370 1009 2435 floris
1055 2366 1471 2452 amygdalum

584 2474 868 2557 signavit
916 2469 1243 2536 Gabrihel.
1645 2468 1729 2532 25

591 2660 690 2725 Tu
734 2679 970 2743 agnum
1015 2679 1273 2742 regem,

587 2772 784 2830 terrae
831 2762 1326 2847 dominatorem,

588 2867 926 2934 Moabitici

589 2971 675 3037 de
718 2978 910 3057 petra
953 2970 1196 3035 deserti

586 3074 676 3142 ad
717 3081 997 3139 montem
1040 3072 1195 3138 filiae
1645 3075 1730 3140 3ο

587 3176 750 3244 Sion
794 3177 1168 3259 traduxisti,

588 3315 813 3400 Tuque
857 3317 1177 3380 furentem

586 3419 955 3490 Leviathan
999 3426 1368 3503 serpentem

525 3513 548 3531 “
583 3530 1071 3606 tortuosumque
1325 3598 1329 3603 .

583 3635 653 3692 et
695 3634 948 3691 vectem
995 3627 1308 3693 collidens
1644 3627 1728 3690 35

588 3729 898 3796 damnoso
942 3731 1207 3798 crimine

517 3829 526 3838 ’
581 3835 885 3902 mundum
930 3837 1240 3904 exemisti.

529 4089 545 4106 .
589 4038 757 4106 Hinc
798 4041 1085 4125 gentium
1128 4060 1250 4108 nos

583 4143 882 4228 reliquae,
927 4152 1057 4211 tuae
1102 4148 1223 4212 sub

582 4250 758 4316 cultu
801 4250 1158 4335 memoriae,
1640 4246 1728 4313 40

583 4352 813 4417 mirum
854 4352 921 4417 in
965 4352 1223 4419 modum

580 4473 769 4536 quem
812 4474 885 4519 es
930 4457 1122 4524 enixa
1228 4535 1260 4564 .

578 4559 1055 4642 propitiationis
1099 4580 1334 4644 agnum
1347 4608 1376 4646 ,

575 4666 958 4741 regnantem
1002 4662 1168 4728 coelo

1876 3733 1892 3749 .
1937 3680 2116 3751 Audi
2159 3703 2310 3768 nos,

1942 1629 2064 1677 ora
2107 1612 2334 1693 virgo,
2378 1628 2499 1674 nos
2538 1609 2654 1673 illo

1937 1735 2109 1800 pane
2154 1713 2303 1778 coeli
2349 1712 2585 1794 dignos
2629 1707 2811 1775 effici.

1880 1955 1894 1970 .
1939 1903 2078 1970 Fac
2120 1903 2363 1968 fontem
2408 1902 2694 1984 dulcem,

1940 2029 2127 2091 quem
2172 2009 2236 2072 in
2283 2007 2547 2072 deserto

1938 2119 2127 2196 petra
2169 2110 2729 2194 praemonstravit,
2950 2100 3003 2163 6⁰

1948 2215 2299 2298 degustare
2346 2233 2488 2279 cum
2535 2215 2789 2279 sincera
2826 2207 2931 2275 fide

1936 2335 2257 2400 renesque
2299 2313 2692 2400 constringi,

1937 2422 2109 2486 lotos
2153 2421 2220 2486 in
2262 2421 2428 2486 mari

1940 2545 2218 2608 anguem
2264 2545 2513 2590 aeneum

1936 2630 2005 2694 in
2048 2648 2242 2695 cruce
2287 2629 2634 2715 speculari.
2948 2614 3001 2680 6⁵

1939 2767 2079 2834 Fac
2120 2769 2256 2852 igni
2301 2775 2530 2833 sancto

1939 2872 2274 2956 patrisque
2317 2873 2525 2937 verbo
2545 2919 2562 2952 ‚

1939 2974 2115 3059 quod
2159 2977 2356 3041 rubus
2400 2982 2470 3041 ut
2513 2970 2765 3040 flamma

1942 3085 2013 3142 tu
2051 3078 2345 3161 portasti,
2390 3063 2606 3161 virgo.
2650 3082 2839 3146 mater
2860 3069 2998 3139 facta,

1940 3180 2198 3264 pecuali
2239 3179 2448 3263 pelle,
2942 3162 2997 3227 '1⁰

1943 3282 2257 3348 discincto
2300 3282 2507 3369 pede,

1937 3387 2191 3454 mundis
2235 3388 2428 3454 labiis

1941 3490 2269 3574 cordeque
2314 3492 2763 3575 propinquare.

1936 3807 2086 3853 nam
2130 3797 2197 3854 te
2241 3788 2412 3854 filius
2943 3767 3001 3831 ⁷⁵

1934 3892 2132 3957 nichil
2175 3912 2425 3976 negans
2472 3892 2759 3957 honorat.

1938 4029 2145 4096 Salva
2187 4050 2307 4096 nos
2326 4079 2344 4115 ‚

1940 4137 2147 4204 Jhesu
2162 4186 2180 4222 ,
2225 4118 2357 4223 pro⁸
2396 4140 2622 4221 quibus

1940 4243 2133 4325 virgo
2178 4249 2386 4308 mater
2431 4250 2495 4307 te
2540 4246 2697 4308 orat.

1830 4450 1892 4515 8.
1936 4449 2076 4518 Fac
2118 4450 2359 4515 fontem
2406 4451 2557 4519 boni
2594 4448 2830 4523 visere,
2936 4421 2999 4491 8⁰

1931 4554 2017 4619 da
2060 4575 2243 4640 purae
2288 4556 2517 4622 mentis
2562 4551 2775 4622 oculos

1929 4659 2000 4727 in
2049 4667 2116 4725 te
2161 4659 2470 4746 defigere.
