3167 5242
352 232 486 300 18⁴

527 413 595 469 V.
628 414 718 469 83.
769 413 1005 468 orientis
1040 413 1246 470 oriens.
1300 412 1385 470 Tu
1420 413 1518 470 lux
1552 414 1743 472 oriens
1778 413 2082 474 Nazareth.
2136 415 2364 474 Auem
2397 419 2550 473 crat.
2583 418 2673 472 55.

531 502 597 559 V.
633 505 720 560 37.
775 502 1024 559 nubilum
1057 503 1274 559 mentis.
1346 505 1638 578 ῥᾳθυμίας
1684 502 1879 568 σκότος
1937 507 2029 560 καὶ
2075 506 2209 576 νέφη
2261 504 2367 561 τῶν
2413 502 2641 562 παθῶν.
2711 504 2835 562 Oct.
2871 507 2964 563 19.

352 584 389 661 ἦ
434 590 492 647 ἐν
543 589 902 667 ἁμαρτήμασι
949 589 1219 662 συνήθεια
1279 590 1484 663 πολλὴν
1537 590 1799 668 πόρωσιν
1832 591 1929 665 τῆς
1976 592 2166 666 ψυχῆς
2210 592 2494 670 ἐργάζεται
2542 597 2636 650 καὶ
2689 590 2963 665 ἀνοήτους

351 685 502 734 ποιεῖ
543 681 634 733 καὶ
672 680 869 750 τυφλοῖ
913 677 974 735 τὸ
1012 676 1301 755 ὀξυδερκὲς
1335 677 1432 752 τῆς
1467 679 1715 744 διανοίας
1751 677 1919 755 ὄμμα.
1970 681 2220 753 Chry-wat.
2254 680 2314 736 iu
2347 698 2433 755 ps.
2466 683 2554 752 49,
2592 684 2678 737 11.
2751 680 2964 748 δίωξον

351 763 414 822 τὸ
451 767 616 837 νέφος
652 763 757 821 τῶν
792 768 1014 821 παθῶν.
1063 766 1183 823 oct.
1219 767 1306 821 23.

533 852 601 908 v.
636 855 705 908 41
728 854 894 907 -44,
950 854 1008 910 s
1044 851 1150 909 No.
1185 854 1308 923 467,
1346 852 1430 907 16.

528 940 596 998 V.
632 943 720 996 42.
776 941 963 996 Daher
998 939 1178 997 heisst
1210 958 1272 996 es
1309 942 1455 997 auch
1489 957 1606 997 von
1641 941 1925 998 Christus:
1973 941 2074 1016 τὴν
2109 948 2283 999 κτίσιν
2322 945 2644 1021 φθαρεῖσαν
2679 941 2964 1023 διακόρ-

351 1046 501 1101 γησε,
536 1027 781 1086 nimlich
816 1026 993 1083 durch
1026 1026 1180 1084 scine
1214 1027 1735 1103 Henschwerdung.
1805 1029 1924 1087 Oct.
1959 1031 2046 1087 10.

1321 1363 1496 1442 470.
1566 1366 1667 1439 ad
1706 1368 1995 1438 tertiam.

353 1605 585 1673 Gaude
628 1611 855 1670 nostra
897 1602 1307 1669 JherusaIem
1322 1650 1341 1686 ‚

352 1734 475 1800 per
519 1732 711 1797 quam
758 1731 990 1797 pacem
1031 1709 1458 1795 principalem

352 1818 423 1883 in
468 1824 777 1882 aeternum
820 1813 1199 1882 habebimus
1212 1860 1230 1897 ,

354 1918 616 2002 quando
663 1915 988 1984 Christum
1029 1915 1419 1996 videbimus,

354 2038 546 2107 quem
592 2040 810 2087 amare
855 2028 956 2086 est
997 2021 1237 2105 pietas,

356 2144 547 2208 quem
589 2124 816 2190 videre
860 2124 1146 2189 satietas.

354 2312 585 2380 Gaude
629 2321 823 2400 porta
860 2312 1164 2399 justitiae,

351 2419 465 2484 via
506 2438 808 2503 supernae
853 2417 1117 2500 gratiae,

354 2520 541 2606 cujus
585 2521 769 2603 sequi
811 2519 1092 2602 vestigia

354 2631 461 2690 est
501 2624 746 2688 veritas
793 2631 861 2687 et
904 2621 1136 2705 gloria.

358 2811 617 2896 Gaude,
661 2832 808 2896 quae
851 2812 985 2878 filio
1029 2820 1140 2880 tuo

357 2935 581 2984 amore
625 2916 954 2983 individuo

358 3021 710 3107 conjuncta
751 3022 1149 3088 aeternaliter

356 3123 610 3209 gaudes
653 3125 1084 3191 ineffabiliter.

358 3316 587 3384 Gaude
632 3316 796 3385 ficus
840 3317 1206 3398 fructifera,

358 3420 468 3487 dei
508 3421 803 3504 plantata
846 3418 1121 3485 dextera
1139 3467 1158 3504 ,

357 3522 506 3589 finis
552 3524 990 3590 amaritudinis
1003 3573 1021 3607 ‚

356 3624 742 3710 principium
787 3623 1163 3693 dulcedinis.

354 3810 413 3879 0
458 3812 575 3879 filii
618 3812 755 3882 filia
770 3862 790 3900 ,

353 3923 427 3983 tu
471 3920 675 3984 amori
720 3939 978 4005 semper
1021 3939 1189 3988 vaca

353 4029 426 4088 et
460 4020 766 4090 dilectum
808 4026 996 4090 nobis
1040 4025 1234 4110 placa

354 4125 587 4192 orandi
627 4125 951 4194 instantia,

351 4312 486 4399 Da,
528 4320 602 4380 ut
644 4322 858 4381 mente
901 4313 1258 4398 Nazareni,

352 4436 398 4483 a
438 4418 611 4483 vitiis
657 4419 870 4502 alieni,

350 4520 760 4604 proferamus
804 4523 944 4588 sine
986 4522 1175 4608 spina

351 4621 555 4690 multa
593 4625 899 4692 virtutum
943 4627 1261 4712 germina.

1562 2019 1603 2081 5

1524 2624 1607 2688 10

1524 3317 1606 3381 15

1707 1601 1935 1669 Gaude
1980 1600 2263 1667 coelestis
2307 1602 2482 1668 viola
2497 1650 2516 1687 ,

1705 1707 1829 1774 flos
1871 1706 2105 1791 dignus
2148 1706 2276 1773 deo
2321 1706 2536 1774 incola
2551 1755 2570 1793 ‚

1705 1813 1772 1878 in
1819 1829 1946 1895 quo
1995 1810 2156 1877 deus
2200 1818 2269 1877 et
2312 1829 2533 1878 amore

1704 1923 1879 1982 totus
1922 1916 2156 1981 mansit
2200 1921 2266 1981 et
2310 1933 2608 1999 corpore.

1708 2105 1763 2172 Ο
1805 2105 1920 2171 lux
1962 2104 2198 2188 mundi,
2242 2102 2405 2169 lucis
2450 2109 2690 2187 mater,

1709 2219 1776 2278 te
1822 2210 2106 2295 signavit
2149 2208 2309 2273 deus
2349 2216 2573 2294 pater,

1712 2313 1821 2396 qui
1865 2310 1948 2377 de
1991 2319 2058 2377 te
2101 2311 2282 2378 nasci
2325 2310 2534 2376 voluit

1709 2416 1899 2483 deum
1912 2466 1930 2501 ,
1976 2436 2165 2500 quem
2209 2414 2293 2481 de
2338 2433 2411 2480 se
2447 2414 2691 2499 genuit.

1710 2605 1868 2672 Tam
1910 2604 2236 2691 praeclara
2277 2604 2587 2671 nativitas

1710 2711 1795 2778 sit
1835 2718 2081 2775 nostrae
2121 2709 2353 2774 mentis
2398 2708 2693 2794 claritas,

1709 2821 1781 2882 ut
1823 2835 1944 2899 per
1987 2822 2054 2880 te
2098 2815 2294 2881 simus
2347 2814 2471 2899 dii,

1712 2917 1820 2983 dei
1851 2923 1932 2984 ’et
1973 2919 2067 2985 tui
2111 2918 2245 2984 filii.

1712 3106 1939 3173 Gaude
1981 3107 2192 3190 virgae
2236 3105 2358 3172 flos
2401 3106 2684 3193 imperii,

1711 3210 1926 3296 gaude
1969 3210 2380 3297 pulchritudo
2415 3211 2636 3296 gaudii
2650 3258 2669 3296 ‚

1709 3309 1925 3398 gaude
1968 3313 2179 3398 major
2221 3312 2524 3398 imperit),
2577 3314 2582 3319 ’

1711 3414 1928 3501 gaude
1965 3415 2282 3500 singulari
2324 3414 2584 3499 gaudio.

1714 3604 1942 3673 Gaude
1985 3604 2174 3688 origo
2220 3603 2443 3687 gaudii
2457 3651 2476 3689 ‚

1597 3777 1604 3784 .
1713 3722 1921 3779 mater
1965 3711 2194 3777 aeterni
2235 3711 2353 3776 lihi
2366 3757 2385 3794 ,

1520 3922 1608 3986 20

1521 4521 1606 4585 25

1711 3837 1835 3902 per
1880 3836 2070 3900 quam
2113 3814 2236 3881 flos
2282 3814 2586 3881 montium

1709 3920 1919 3986 factus
1964 3926 2065 3985 est
2105 3917 2229 3984 flos
2273 3918 2679 3985 convallium.

1708 4109 1763 4176 Ο
1809 4111 2048 4177 dilecta
2090 4130 2236 4178 cum
2279 4110 2517 4177 dilecto
2540 4158 2561 4195 ,

1708 4232 1751 4281 o
1796 4214 2011 4282 electa
2053 4234 2199 4282 cum
2239 4216 2451 4282 electo
2469 4264 2488 4301 ,

1709 4334 1751 4382 ο
1794 4334 1949 4383 rosa
1994 4335 2137 4383 cum
2182 4318 2318 4383 lilio
2331 4365 2350 4402 ,

1709 4418 1827 4486 tibi
1871 4417 2118 4485 candor
2163 4438 2308 4485 cum
2351 4421 2626 4505 rubore,

1707 4518 1828 4587 tibi
1871 4517 2073 4587 decus
2117 4540 2262 4588 cum
2307 4520 2580 4606 decore,

1710 4624 1830 4691 tibi
1873 4624 2018 4691 laus
2062 4645 2208 4693 cum
2252 4626 2512 4711 gaudio.

2876 1916 2965 1981 30

2873 2607 2962 2670 35
