3167 5242
855 700 1031 776 457.
1101 699 1395 802 Septem
1448 698 1730 774 Gaudia
1778 698 1850 774 b.
1898 701 2003 773 M.
2056 727 2124 775 ν.

186 905 389 992 Virgo
403 954 422 990 ,
467 906 775 993 templum
819 907 1120 972 trinitatis
1134 955 1155 991 ,

185 1009 340 1075 deus
382 1029 649 1074 summae
691 1010 999 1077 bonitatis

264 1123 332 1181 et
372 1114 864 1197 misericordiae,

184 1218 289 1301 qui
329 1225 462 1284 tuae
506 1219 877 1284 humilitatis

168 1328 247 1386 'et
289 1322 622 1388 dulcorem
664 1322 1002 1389 suavitatis

260 1422 427 1490 vidit
471 1432 537 1490 et
579 1424 984 1508 fragrantiae,

180 1524 259 1591 de
303 1534 369 1593 te
414 1529 601 1594 nasei
640 1530 968 1594 nuntiatur
985 1575 1003 1611 ,

178 1648 320 1697 oum
363 1653 487 1718 per
531 1633 833 1717 angelum
874 1630 1215 1699 mandatur

258 1736 376 1803 tibi
419 1736 595 1802 salus
639 1738 902 1821 gratiae3

1533 906 1634 974 De
1676 907 1870 971 tertio
1915 907 2237 996 gratulari

1533 1008 1726 1074 stella
1761 1016 2007 1092 monet,
2055 1029 2248 1093 quam
2290 1013 2536 1079 morari

1616 1111 1804 1176 vides
1849 1130 2047 1196 super
2090 1111 2262 1197 filio,

1530 1232 1677 1280 oum
1723 1234 1764 1279 a
1803 1215 2012 1297 magis
2054 1214 2322 1282 adorari

1528 1316 1741 1401 ipsum
1788 1319 2002 1382 earnis
2049 1324 2116 1382 et
2152 1317 2348 1384 ditari

1619 1438 1883 1486 munere
1928 1428 2062 1486 tam
2102 1423 2310 1488 vario.

1528 1523 1720 1589 stella
1762 1531 1944 1590 notat
1985 1524 2297 1591 unitatem

1526 1634 1789 1711 tresque
1832 1646 2030 1712 reges
2075 1628 2426 1694 trinitatem

1611 1732 1681 1796 in
1722 1730 1896 1798 dioto
1941 1732 2264 1799 sacrificio
2277 1780 2297 1816 ,

173 1838 433 1906 modum
477 1843 734 1925 quaeriS,
780 1840 1276 1923 demonstratur,
1339 1838 1420 1903 10
1523 1856 1750 1904 aurum
1791 1837 2022 1902 mentis
2065 1837 2445 1921 puritatem,

174 1938 322 2006 dum
369 1946 727 2026 eonsentiS,
770 1944 1146 2009 inoarnatur

254 2047 599 2112 confestim
641 2068 761 2111 rex
795 2048 1045 2130 gloriae.

167 2205 298 2272 Per
343 2207 474 2273 hoo
517 2207 823 2292 gaudium
866 2225 1210 2292 precamur
1226 2255 1245 2292 ,

165 2317 237 2375 ut
282 2310 457 2376 hune
501 2330 726 2394 regem
772 2329 1135 2376 mereamur

249 2412 500 2480 habere
542 2415 893 2499 propitium

168 2522 233 2580 et
276 2518 360 2581 ab
409 2534 490 2580 eo
534 2524 995 2600 protegamur,

166 2621 444 2704 protecti
489 2620 878 2704 reeipiamur

246 2724 313 2788 in
362 2723 543 2789 terra
585 2726 955 2790 viventium.

164 2884 256 2956 De
301 2888 598 2955 seeundo
642 2889 1024 2972 gratulatio,

167 2990 336 3072 quod
380 2999 453 3055 tu
499 2992 698 3054 solem
741 2990 934 3054 stella
976 2990 1156 3074 paris
1177 3037 1195 3073 ,

249 3094 431 3159 velut
478 3092 633 3156 luna
677 3090 957 3173 radium3

168 3194 486 3277 pariendo
529 3212 659 3257 nou
705 3192 1038 3276 gravaris,

170 3297 354 3381 virgo
396 3314 657 3379 maneS,
702 3314 833 3360 non
877 3295 1145 3360 mutaris

246 3409 527 3487 propter
570 3402 1000 3486 puerperium.

165 3503 326 3571 siout
371 3506 501 3571 flos
544 3513 816 3589 propter
861 3505 1130 3571 odorem

168 3625 344 3675 suum
388 3627 524 3675 non
569 3609 786 3694 perdit
832 3610 1134 3677 decorem

250 3733 393 3780 eum
441 3714 611 3780 odor
651 3716 986 3799 emittitur,

160 3819 259 3886 aio
299 3841 425 3888 neo
473 3828 745 3905 propter
791 3829 1152 3887 creatorem

166 3922 556 4006 „virginitatis
602 3923 950 3990 candorem
1008 3961 1019 3970 ·

249 4033 320 4093 tu
361 4028 624 4113 perdis,
670 4047 814 4094 eum
855 4030 1158 4095 nascitur.

170 4186 223 4254 0
263 4191 510 4277 Maria,
553 4201 760 4260 mater
804 4194 949 4280 pia,

165 4300 307 4359 esto
349 4296 543 4362 nobis
588 4304 770 4362 reeta
811 4297 923 4363 via

254 4396 431 4481 apud
474 4405 652 4464 tuum
695 4398 896 4464 filium
1004 4419 1026 4430 “

170 4504 361 4582 atque
406 4519 533 4584 pro
576 4500 688 4570 tua
731 4500 946 4586 gratia

166 4605 418 4689 repelle
470 4614 695 4675 nostra
735 4608 897 4674 vitia

246 4727 372 4796 per
418 4712 771 4780 seeundum
817 4710 1142 4799 gaudium.

1332 2414 1413 2476 15

1329 2991 1415 3056 20

1330 3507 1413 3570 25

1327 4030 1415 4095 30

1328 4608 1413 4673 35

1521 1939 1790 2023 myrrha
1834 1942 2048 2006 earnis
2093 1941 2455 2008 castitatem
2474 1988 2496 2026 ,

1610 2043 1761 2108 thus
1807 2052 1907 2108 est
1951 2044 2268 2112 adoratio.

1521 2208 1577 2275 0
1620 2209 1869 2294 Maria,
1915 2210 2110 2276 stella
2152 2208 2407 2291 mundi,

1520 2335 1564 2382 a
1605 2314 1893 2399 peccatis
1939 2313 2135 2377 simus
2178 2310 2401 2376 mundi

1605 2440 1727 2505 per
1770 2425 1873 2502 te,
1919 2415 2111 2501 virgo
2155 2415 2403 2501 Maria,

1517 2531 1586 2589 et
1627 2524 1971 2588 virtutibus
2015 2518 2305 2602 fecundi,

1514 2627 1652 2693 laeti
1693 2634 1905 2692 tecum
1951 2632 2020 2688 et
2051 2621 2327 2709 joeundi

1600 2732 1894 2795 laetemur
1937 2729 2004 2794 in
2046 2725 2279 2812 patriA.

1515 2890 1854 2974 Quartum,
1899 2891 2124 2973 virgo,
2170 2889 2287 2956 tibi
2338 2886 2561 2969 datur,

1520 3014 1664 3061 oum
1709 3016 1749 3059 a
1790 3001 1996 3058 morte
2041 2992 2392 3057 suscitatur

1611 3097 1907 3163 Christus
1953 3096 2057 3160 die
2102 3093 2326 3178 tertiA,

1516 3223 1641 3288 per
1683 3202 1811 3268 hoe
1854 3199 2020 3265 fides
2064 3201 2446 3280 roboratur,

1517 3324 1672 3390 spes
1716 3302 1887 3369 redit
1922 3311 1989 3369 et
2031 3320 2206 3368 mors
2243 3301 2508 3383 fugatur

1604 3431 1727 3496 per
1769 3417 1837 3475 te
1878 3406 2077 3494 plena
2119 3404 2365 3491 gratia;

1517 3514 1726 3579 hostis
1767 3514 1979 3580 vietus
2024 3511 2390 3596 captivatur
2403 3556 2423 3592 ,

1519 3616 1730 3701 dolet,
1776 3616 2006 3700 gemit,
2053 3613 2355 3679 anxiatur

1605 3719 1842 3786 amissa
1884 3715 2204 3799 potenti&

1517 3822 1711 3890 homo
1757 3830 1987 3906 eaptus
2029 3822 2346 3888 liberatur

1516 3933 1589 3994 et
1630 3927 1714 3992 ab
1756 3925 1950 3990 humo
1995 3923 2375 3988 sublevatur

1605 4047 1856 4096 sursum
1899 4026 1987 4093 ad
2030 4025 2339 4092 ooelestia.

1515 4192 1698 4277 Ergo
1712 4241 1731 4277 ,
1774 4198 1983 4258 mater
2027 4186 2342 4256 creatoris
2355 4232 2373 4269 ,

1515 4295 1715 4363 funde
1758 4313 1994 4380 preces
2031 4292 2276 4360 cunetis
2320 4285 2542 4370 horis,

1601 4407 1676 4464 ut
1718 4419 1842 4484 per
1882 4396 2058 4463 istud
2099 4392 2406 4478 gaudium

1513 4509 1670 4588 post
1711 4520 1968 4567 oursum
2011 4497 2205 4582 hujus
2249 4492 2494 4561 laboris

1517 4606 1727 4678 beatis
1764 4602 2118 4689 jungamur
2161 4597 2379 4665 choris

1607 4726 2038 4797 supernorum
2081 4704 2334 4772 civium.

2665 305 2795 372 165

2685 1729 2778 1796 45

2689 2307 2776 2374 5o

2679 2886 2767 2951 55

2679 3401 2769 3468 60

2593 3917 2766 3984 ‚6⁸

2677 4439 2764 4558 τὸ
