3167 5242
2625 250 2753 322 001

328 432 434 492 Ala
482 433 644 490 einen
690 432 966 490 weiteren
1009 430 1189 503 Beleg
1234 429 1337 487 der
1371 428 1709 503 geintlichen
1741 430 2079 490 Dichtkunst
2110 429 2185 486 im
2220 431 2454 490 moster
2487 434 2546 492 S.
2581 434 2753 505 Peter

125 539 214 582 ιιι
251 522 545 595 salzberg
592 521 858 578 hemerke
903 521 998 578 ich
1046 522 1156 577 den
1188 519 1420 596 Anfang
1465 522 1623 578 einos
1658 521 1887 580 ihnlich
1922 518 2209 591 gebauten
2243 520 2441 576 Liedes
2476 538 2590 579 von
2626 522 2752 580 dem

126 607 399 668 Bischof
423 610 648 667 Johann
694 623 809 665 von
846 607 1003 666 Gurk
1050 607 1110 664 in
1147 609 1402 666 Karnton
1445 609 1505 664 in
1549 608 1655 666 der
1687 608 1785 672 Rs.
1827 625 1943 668 von
1979 606 2040 664 S.
2077 606 2246 664 Peter
2280 608 2533 666 daselbst
2566 608 2665 681 111,
2698 613 2754 668 2.

131 695 248 753 des
289 699 363 751 15
398 697 593 754 Jahrh.
628 697 731 752 mit
766 695 975 751 diesem
1008 692 1265 770 Anfang.

328 800 529 858 Oratio
564 801 797 857 metrica
832 799 1040 857 domini
1071 802 1347 859 Johannis
1388 801 1642 874 episcopi
1678 801 1973 859 Gurcensis
2027 801 2316 874 ecelesia,
2362 817 2527 873 qnam
2560 800 2753 872 propi-

129 886 315 944 navit
349 886 546 943 abbati
579 889 750 943 Petro
786 893 1002 945 nostro.

404 975 527 1032 Ave
561 990 700 1031 rosa
733 974 916 1045 bella,
950 976 1162 1047 uaria,
1196 976 1387 1049 grati·
1422 976 1613 1036 divina
1647 994 1813 1049 quam
1849 979 1999 1036 trina
2033 977 2238 1033 beavit.
2276 983 2381 1034 etc.

859 1329 1032 1405 540.
1101 1328 1359 1404 Oratio
1413 1329 1505 1403 ad
1556 1329 1626 1404 b.
1669 1333 2032 1433 virginem.

661 1566 715 1634 Ο
763 1568 869 1633 dei
914 1567 1228 1651 genitrix,
1274 1568 1516 1635 aceede
1558 1585 1874 1653 propere,

654 1673 820 1737 velis
870 1672 1206 1737 conatibus
1249 1671 1455 1736 hostis
1500 1672 1841 1756 resistere,

658 1777 886 1860 quibus
934 1796 973 1840 a
1019 1776 1272 1841 tramite
1320 1777 1466 1842 caeli
1509 1796 1611 1841 me
1654 1785 1916 1841 vertere

654 1887 928 1965 temptat
971 1888 1036 1944 et
1081 1887 1326 1944 tartaro
1370 1897 1493 1965 pro
1534 1880 1740 1965 culpis
1784 1878 2062 1945 tradere.

661 2068 773 2134 Me
818 2068 944 2134 tuis
991 2070 1231 2133 meritis
1278 2078 1345 2136 et
1389 2072 1826 2136 consolamine
2709 2071 2750 2134 5

660 2193 701 2238 a
741 2172 966 2237 mortis
1014 2172 1333 2256 deprecor
1377 2193 1606 2238 serves
1654 2174 2051 2258 discrimine,

652 2296 803 2341 nam
847 2275 1282 2362 multipliciter
1328 2277 1507 2342 fraus
1549 2278 1748 2343 instat
1791 2274 2090 2360 Satanae,

651 2401 754 2447 me
798 2381 1085 2465 gliscens
1130 2380 1286 2446 fidei
1326 2383 1593 2467 privare
1635 2383 1891 2447 lumine.

653 2566 709 2633 Ο
751 2570 963 2654 plebis
1008 2569 1223 2655 gloria
1268 2569 1764 2653 ecclesiasticae,

651 2674 982 2757 precantis
1027 2675 1334 2759 gemitum
1380 2674 1734 2739 clementer
1778 2672 2028 2757 aspice,
2666 2671 2748 2735 10

643 2759 922 2841 'insultus
966 2779 1182 2860 patior
1225 2775 1471 2842 fraudis
1517 2778 1860 2859 satanicae,

649 2879 1154 2945 misericorditer
1197 2899 1239 2944 a
1281 2899 1383 2945 me
1429 2899 1593 2963 qnos
1637 2881 1867 2965 abjice.

331 3076 427 3132 lis.
463 3093 533 3133 zu
569 3076 628 3133 S.
644 3075 817 3133 Peter
851 3077 908 3133 in
937 3077 1217 3152 Salzbnrg
1242 3079 1313 3150 X,
1340 3083 1426 3135 37.
1463 3083 1530 3135 15
1557 3081 1752 3137 Jahrh.
1819 3081 1933 3138 Das
1959 3080 2093 3136 Lied
2121 3080 2195 3136 ist
2221 3081 2278 3136 in
2304 3080 2748 3139 Alexandrinam

159 3162 525 3237 geschrieben
559 3165 671 3221 nnd
705 3166 806 3221 hat
839 3166 1311 3222 wahrscheinlich
1346 3168 1507 3224 einen
1539 3165 1965 3252 franziisischen
2000 3165 2316 3227 Verfasser.

326 3326 397 3380 10
429 3325 791 3398 precantibus
828 3326 926 3382 Hs.

328 3484 395 3539 V.
431 3486 480 3540 6.
532 3485 708 3544 Unter
734 3501 878 3542 mors
905 3486 982 3543 ist
1007 3486 1133 3542 hier
1157 3486 1259 3542 der
1287 3486 1473 3560 ewige
1500 3485 1623 3542 'l'od
1656 3487 1796 3542 oder
1821 3484 1913 3540 die
1939 3483 2354 3541 Verdammniss
2391 3486 2746 3559 ven-standon,

159 3571 266 3630 wie
298 3572 440 3627 anch
476 3571 577 3628 das
611 3572 974 3629 beistehende
1009 3576 1287 3631 discrinoen
1322 3573 1562 3646 anzeigt.

322 3674 389 3729 V.
424 3676 476 3729 7.
525 3674 935 3747 multipliciter,
989 3678 1169 3733 daher
1203 3679 1382 3735 heisst
1416 3695 1505 3734 es:
1570 3676 1604 3732 ὅ
1657 3674 1914 3751 διαβολος
1962 3672 2312 3752 πολύτροπόν
2359 3674 2477 3733 ἐστι
2522 3679 2745 3754 θηρίον.

164 3763 403 3836 cnr-yson.
454 3764 513 3818 in
545 3779 632 3835 ps.
666 3767 730 3832 7,
767 3767 818 3819 3.
887 3765 947 3822 S.
983 3766 1088 3824 No.
1123 3769 1222 3838 73,
1261 3770 1344 3823 15.
1416 3767 1575 3822 Denn
1628 3781 1692 3821 er
1743 3767 1845 3822 hat
1900 3765 2024 3821 ene
2077 3763 2467 3838 πολυμήχανος
2515 3763 2740 3837 κεφαλή.

165 3850 264 3909 No.
299 3852 384 3922 83,
418 3852 504 3907 62.
584 3851 851 3909 Satanas.
905 3854 1152 3912 Diabolus
1187 3871 1434 3928 graecum
1472 3853 1708 3909 verbnm
1743 3857 1859 3923 est,
1923 3852 2073 3924 qnod
2107 3851 2282 3909 latine
2318 3852 2525 3909 (licitur
2558 3857 2746 3910 crimi-

162 3943 334 4011 aanor,
385 3940 583 4012 lingua
615 3956 759 3998 vero
797 3939 1027 4000 hebraea
1059 3949 1211 4001 eatan
1247 3943 1599 4016 appellatur,
1645 3941 1703 3996 id
1740 3945 1856 4012 est,
1903 3943 2242 3998 cloacarium
2276 3941 2399 3998 sive
2432 3945 2743 4013 contra-m,

166 4031 222 4085 ot
251 4028 320 4083 ab
353 4026 619 4099 apostolo
657 4029 724 4097 (2
760 4028 892 4086 Gor.
925 4030 977 4101 6,
1014 4033 1113 4106 15)
1147 4032 1313 4104 belial,
1349 4032 1462 4086 hoc
1495 4035 1584 4084 est
1618 4029 1808 4101 absque
1832 4030 1989 4100 jugo,
2027 4028 2179 4099 qnod
2212 4028 2283 4086 de
2318 4029 2475 4086 collo
2510 4045 2617 4088 sno
2652 4027 2745 4086 dei

165 4114 425 4188 abjecerit
473 4113 831 4187 servitutem,
892 4133 1055 4189 quem
1109 4118 1318 4191 Aquila
1377 4122 1666 4190 apostatam
1727 4115 2030 4172 transtulit.
2126 4115 2341 4175 Hieron.
2396 4118 2454 4173 in
2517 4131 2605 4188 ep.
2669 4112 2744 4170 ad

165 4201 290 4278 Eph.
319 4203 384 4274 4,
418 4205 506 4258 27.

324 4310 388 4366 V.
424 4312 537 4363 7-
556 4310 636 4368 10.
690 4306 863 4366 fraus.
925 4309 1215 4380 Quomodo
1251 4311 1380 4382 ille,
1435 4313 1599 4385 anus
1644 4310 1735 4365 vis
1785 4313 1843 4366 et
1889 4312 2143 4380 potestas
2178 4309 2358 4365 omnis
2393 4310 2453 4364 in
2488 4303 2742 4363 fallendo

168 4398 263 4467 ost,
291 4397 580 4453 universos
609 4396 668 4451 in
703 4395 957 4453 fraudem
992 4403 1190 4470 posset
1223 4398 1507 4471 inducere,
1541 4397 1654 4455 nisi
1685 4395 2014 4453 verisimilia
2047 4396 2358 4453 hominibus
2385 4391 2741 4452 ostentaret?

168 4483 371 4543 Laecam
410 4484 519 4539 div.
553 4484 681 4542 inst.
717 4486 770 4556 6,
804 4488 855 4542 7.

325 4587 387 4643 V.
423 4588 472 4644 8.
517 4589 689 4646 Wem
724 4591 825 4646 der
860 4588 1058 4647 Tenfel
1093 4592 1195 4648 das
1231 4592 1394 4650 Licht
1427 4593 1527 4648 des
1563 4592 1849 4650 Glanbens
1882 4589 2097 4663 ιιίιιιιιιι,
2144 4589 2270 4646 dem
2305 4587 2428 4663 gibt
2463 4603 2529 4644 er
2565 4583 2737 4645 daffir

171 4671 250 4734 dio
276 4674 606 4737 rinstornisa
643 4678 743 4736 des
777 4679 1022 4754 walins,
1056 4681 1234 4739 daher
1269 4686 1443 4740 nennt
1477 4680 1731 4755 chrysost.
1762 4679 1824 4737 in
1859 4695 1946 4752 ps.
1978 4680 2066 4752 48,
2101 4680 2152 4737 9.
2186 4675 2281 4736 die
2317 4675 2734 4736 Verdammniss
