3167 5242
2650 274 2785 343 1oe

186 452 473 518 benedicta
518 457 577 510 et
610 456 791 513 mater
827 467 952 525 quie
985 452 1072 513 sic
1106 451 1412 524 generavit
1441 451 1504 507 D.
1602 453 1671 507 35
1710 452 1861 507 steht
1908 466 1981 507 an
2015 452 2087 507 36
2120 453 2167 510 G
2186 492 2202 522 ‚
2265 453 2588 523 benedictus
2622 474 2679 531 g.
2709 459 2782 519 Α.

187 543 254 596 36
302 539 497 596 matris
550 540 724 595 ubera
776 556 901 610 quse
954 545 1012 596 te
1063 539 1140 613 A,
1199 554 1393 613 regem
1446 554 1645 611 regum
1699 539 1937 594 omnium
1993 540 2088 611 qui
2139 542 2397 599 mundum
2444 543 2679 602 intravit
2712 547 2779 602 D.

187 630 254 685 38
288 644 426 684 omn.
462 643 508 682 c.
545 644 593 682 e.
626 626 683 682 C.
753 616 828 681 39'
861 626 936 682 sit
975 622 1014 682 f.
1048 627 1123 696 ip.
1163 656 1225 669 --
1266 626 1613 696 dulcedoque
1650 626 1708 682 C.
1780 628 1854 680 40
1887 631 2110 682 tuorum
2144 625 2204 684 G.
2277 631 2345 683 42
2380 629 2472 684 hic
2509 633 2595 703 A,
2632 634 2779 690 hunc

186 712 550 772 sanctificavit
588 715 632 773 G
652 756 667 784 ,
730 714 1010 771 habitabit
1054 716 1119 770 A.
1226 717 1296 770 44
1352 730 1474 771 cum
1529 713 1855 771 decentibus
1911 714 1968 770 C.
2072 717 2143 769 45
2196 715 2481 788 redempte
2506 721 2674 776 ·cruci
2707 723 2779 779 A.

186 807 253 863 46
287 820 409 875 quae
448 803 516 874 C,
552 801 839 875 perfundit
875 820 982 858 nos
1021 802 1058 858 1.
1092 803 1160 871 A,
1199 819 1342 872 quos
1376 808 1434 858 et
1467 801 1526 857 in
1563 818 1641 858 cr.
1675 802 1842 874 prelo
1876 801 2128 873 perfudit
2161 803 2198 859 l.
2217 804 2279 859 D.
2349 807 2421 860 47
2457 812 2519 864 at
2544 811 2783 878 perenni

186 910 268 968 gr.
303 895 371 964 Ο,
433 894 636 967 gratiae
687 892 1080 948 benedicamus
1122 894 1202 960 A,
1265 908 1375 963 qno
1422 907 1540 963 per.
1575 894 1644 948 A.
1743 894 1814 948 48
1849 897 1908 948 et
1941 897 2040 949 tua
2070 899 2257 950 mente
2289 896 2429 951 Jesu
2464 910 2780 953 oeescamm

185 998 282 1038 an.
322 984 383 1051 C,
420 987 553 1038 actu
586 987 768 1038 menae
799 982 860 1036 in
894 982 1034 1038 ἔθει
1070 995 1149 1036 cr.
1186 981 1252 1036 D.

350 1105 417 1160 V.
455 1107 505 1160 7.
544 1104 591 1159 8.
645 1102 1071 1175 navigantibus,
1107 1107 1328 1174 portus.
1397 1102 1530 1157 Dies
1566 1101 1845 1157 erlfiutert
1879 1102 2001 1156 eine
2038 1099 2427 1158 ausfflhrliche
2461 1104 2643 1160 Stelle
2676 1105 2782 1163 der

185 1189 438 1246 Menaeni:
506 1190 860 1265 κυβέρνησον,
908 1190 1204 1256 δέσποινα,
1245 1189 1306 1244 ἐν
1354 1186 1578 1263 πελάγει
1630 1186 1738 1243 τῶν
1785 1186 1973 1243 δεινῶν
2007 1193 2379 1262 χειμαζομένῳ
2416 1188 2650 1250 πάντοτε
2682 1193 2782 1265 τὴν

187 1276 435 1347 ταπειαὴν
482 1275 669 1349 ψυχήν
711 1297 840 1347 μου,
887 1278 980 1335 καὶ
1023 1274 1256 1350 γαληνὸν
1289 1274 1432 1350 πρὸς
1470 1275 1646 1351 ὅρμον
1686 1271 1943 1345 ἀνάγαγε.
2006 1275 2125 1331 Oct.
2164 1277 2248 1332 19.
2320 1276 2458 1333 Eine
2495 1280 2780 1338 treffliche

187 1362 361 1418 Stelle
409 1364 513 1419 hat
561 1366 823 1434 Αιιςιιείὶπ.
870 1363 939 1419 de
985 1361 1158 1421 trinit.
1204 1365 1268 1432 4,
1303 1364 1417 1432 20„
1481 1378 1577 1418 wo
1626 1378 1689 1416 er
1735 1361 1841 1415 den
1878 1360 2193 1417 Hochmuth
2230 1363 2332 1419 der
2370 1368 2782 1426 menschlicheu

190 1450 607 1509 wissenschaft
643 1452 838 1521 tadelt,
875 1452 1093 1506 welche
1128 1451 1316 1527 meint‚
1354 1451 1435 1507 sie
1471 1450 1658 1505 konne
1693 1449 1793 1505 das
1821 1457 2169 1522 sogenannte
2196 1452 2472 1510 Absolute
2509 1457 2781 1531 erfassen,

185 1540 359 1598 indem
393 1559 458 1599 er
492 1543 742 1598 ironisch
780 1548 940 1614 sagt:
978 1542 1235 1598 nonnulli
1270 1546 1575 1612 potuerunt
1611 1541 1785 1596 aciem
1812 1541 2012 1595 mentis
2041 1540 2191 1597 ultra
2219 1532 2433 1599 omnem
2463 1552 2783 1602 creaturam

184 1633 558 1688 transmittere
607 1637 667 1686 et
711 1632 889 1686 lucem
937 1631 1406 1686 incommutabilis
1453 1629 1715 1685 veritatis
1764 1629 1899 1698 (das
1934 1629 2243 1702 Absolute)
2280 1632 2782 1703 quantulacumque

185 1735 251 1774 ex
286 1725 449 1791 parte
485 1720 848 1790 contingere,
886 1720 980 1791 qui
1016 1718 1353 1774 christianos
1389 1718 1625 1788 multoS,
1665 1735 1734 1772 ex
1772 1715 1880 1773 fide
1916 1718 2137 1773 interim
2175 1720 2304 1775 sola
2338 1719 2609 1790 viventes,
2646 1737 2785 1776 non·

185 1805 307 1860 dum
355 1807 605 1878 potuisse
655 1805 923 1861 derident.
995 1805 1108 1861 Sed
1162 1806 1295 1876 quid
1346 1804 1585 1877 prodest
1632 1804 2004 1876 superbienti,
2069 1810 2129 1861 et
2176 1806 2250 1862 ob
2288 1806 2398 1863 hoc
2432 1807 2786 1864 erubescenti

183 1891 394 1964 lignum
432 1892 809 1948 conscendere
847 1890 929 1961 (d.
965 1892 1018 1946 h.
1054 1893 1156 1947 das
1194 1893 1383 1947 Kreuz
1417 1892 1756 1959 annehmen‚
1813 1908 1884 1946 an
1922 1892 2202 1949 Christum
2236 1895 2351 1951 und
2386 1894 2540 1950 scine
2576 1896 2784 1951 Kirche

181 1981 490 2052 glauben),
545 1980 614 2033 de
650 1979 962 2049 longinquo
996 1980 1326 2050 prospicere
1361 1978 1605 2050 patriam
1642 1979 2109 2035 transmarinam?
2181 1988 2278 2037 aut
2313 1981 2444 2053 quid
2481 1982 2647 2041 obest
2683 1983 2783 2041 hu-

178 2067 324 2137 mili,
388 2068 459 2122 de
495 2072 658 2123 tanto
694 2066 1003 2121 intervallo
1039 2083 1152 2122 non
1188 2083 1313 2122 eam
1347 2067 1570 2135 videre,
1636 2065 1694 2120 in
1730 2065 1832 2121 illo
1867 2065 2026 2136 ligno
2066 2067 2136 2122 ad
2173 2084 2294 2125 eam
2327 2069 2603 2142 venienti,
2667 2087 2781 2145 quo

180 2154 520 2226 dedignatur
555 2153 655 2208 ille
690 2153 954 2224 portari?

356 2242 425 2295 V.
458 2245 542 2295 21.
598 2241 789 2296 Daher
824 2238 1046 2315 τριάδος
1084 2240 1310 2310 dolator.
1368 2239 1480 2295 dul.
1529 2241 1615 2295 26.
1688 2239 1745 2295 S.
1796 2240 1906 2297 No.
1953 2242 2085 2310 346,
2121 2243 2206 2296 35.
2279 2241 2586 2298 Humanam
2621 2243 2781 2298 illam

180 2325 529 2397 foi-mamm:
563 2329 788 2401 virgine
825 2326 1005 2383 Maria
1041 2327 1264 2383 trinitas
1302 2333 1540 2399 operata
1575 2333 1678 2397 est,
1716 2328 1816 2383 sed
1851 2328 2031 2384 solius
2066 2326 2168 2383 filii
2204 2344 2451 2400 persona
2485 2335 2601 2400 est3
2646 2330 2783 2385 visi-

185 2416 348 2472 bilem
383 2432 620 2487 namque
657 2413 761 2470 filii
798 2416 974 2472 solius
1009 2432 1308 2487 personam
1344 2414 1644 2470 invisibilis
1694 2416 1922 2472 trinitas
1962 2420 2201 2487 operata
2239 2420 2342 2472 est.
2412 2415 2673 2490 Aequam.
2713 2417 2782 2474 de

181 2507 351 2565 trinit.
387 2510 439 2562 2.
478 2509 562 2562 18.

849 2831 1017 2905 399.
1083 2829 1334 2903 Oratio
1393 2853 1605 2928 super
1655 2830 1815 2899 Ave
1857 2829 2109 2901 Maria.

183 3053 305 3121 Ave
345 3054 541 3137 virgo
560 3099 577 3134 ,
623 3050 880 3134 virgula
1534 3048 1754 3115 Gratia
1797 3048 2205 3133 progenitam

259 3155 518 3223 flosculi
560 3154 838 3236 regalis,
1618 3160 1685 3215 te
1731 3149 1891 3215 deus
1934 3151 2196 3234 ignivit,

187 3278 369 3343 quam
411 3261 483 3326 in
525 3258 768 3324 nostris
814 3253 1107 3323 clausula
1529 3262 1602 3320 ut
1645 3254 1972 3320 lucernam
2015 3254 2299 3318 inclitam

263 3364 473 3429 virtus
520 3360 819 3426 divinalis
1618 3358 1851 3423 lumine
1893 3356 2193 3440 vestivit,
2682 3356 2777 3420 *20

185 3469 399 3535 eximit
445 3489 488 3534 a
532 3469 787 3534 macula
1388 3470 1426 3531 5
1531 3463 1717 3547 cujus
1762 3463 1908 3527 luce
1950 3461 2270 3547 perditam

265 3575 480 3658 culpae
518 3573 844 3656 generalis
864 3619 882 3655 ,
1616 3564 1989 3632 drachmam
2030 3564 2369 3647 requisivit

187 3682 252 3740 ut
291 3678 579 3744 illustres
624 3679 866 3743 saecula
1531 3677 1600 3737 et
1642 3670 1727 3775 ad
1769 3671 1924 3735 vitae
1965 3670 2257 3733 semitam

259 3777 471 3846 decor
515 3779 869 3862 virginalis.
1619 3774 1861 3840 ducens
1913 3774 2262 3857 insignivit.

187 3963 393 4035 Maria
434 3975 508 4033 tu
550 3964 782 4030 sideris
1537 3962 1728 4029 Plena
1768 3963 1913 4028 luce
1956 3963 2191 4048 gratiae
2693 3961 2777 4025 25

270 4069 475 4136 instar
518 4067 862 4151 luminosa,
1347 4066 1428 4131 10
1617 4066 1888 4133 rutilans
1933 4066 2208 4150 decora,
2610 4084 2627 4101 ⁴

194 4170 375 4237 stella
418 4172 616 4237 maris
661 4169 896 4235 diceris
1531 4170 1735 4243 solem
1777 4175 1846 4234 tu
1883 4169 2155 4253 jusiitias

274 4295 433 4340 vere
478 4274 739 4341 radiosa
754 4322 772 4358 ,
1618 4272 1944 4357 praevenis
1988 4288 2225 4336 aurora
2244 4318 2263 4354 ,

194 4378 470 4447 nondum
514 4388 668 4447 nata
713 4378 1004 4447 crederis
1532 4383 1671 4441 tota
1711 4375 1986 4461 pulchra
2029 4376 2250 4460 specie

276 4489 414 4549 tota
456 4484 780 4568 gratiosa,
1617 4478 1833 4562 fulges
1879 4479 2049 4543 omni
2090 4478 2287 4562 hora,
2687 4478 2773 4543 30

198 4601 423 4651 carens
469 4588 655 4671 spina
696 4586 940 4651 veteris
1348 4588 1428 4651 15
1532 4587 1789 4646 noctem
1832 4579 2285 4663 delinquentia}

276 4688 489 4773 culpae
533 4688 680 4756 coeli
721 4707 892 4757 rosa.
1618 4686 1814 4771 fugas
1855 4685 1994 4752 sine
2034 4701 2238 4753 mora.
