3167 5242
180 428 313 507 Qui
352 428 589 494 latroni
632 429 845 494 omnia
1541 425 1747 512 Cujus
1788 443 2031 509 corpus
2075 427 2541 493 sanctissimum

273 533 540 599 crimina
584 532 834 597 dimisit-
1629 530 1712 595 de
1757 551 1951 598 cruce
1996 540 2383 617 receperunt
2701 533 2786 598 'w

179 656 266 704 ac
309 637 598 721 paradisi
642 635 888 724 gandia
1542 641 1611 700 et
1654 636 2067 720 sepulchrum
2111 636 2588 706 mundissimum

276 741 454 808 illico
498 742 808 826 promisit.
1351 736 1437 799 40
1629 737 1839 803 eidem
1884 746 2287 823 aptaverunt.

184 921 314 1001 Qui
357 921 645 989 Johanni
689 918 1006 1004 discipulo
1545 914 1667 994 Qui
1714 918 1953 984 virtute
1997 920 2269 1003 propria

273 1034 341 1092 te
386 1035 655 1092 matrem
701 1021 1175 1092 commendavit
1188 1070 1206 1106 ,
1629 1039 1670 1085 a
1709 1028 1916 1086 morte
1961 1023 2316 1086 resurrexit

181 1149 380 1214 quem
426 1131 541 1195 tibi
582 1132 647 1194 in
690 1127 979 1213 patibulo
1541 1131 1737 1207 teque
1783 1146 1823 1190 a
1867 1126 2124 1191 tristitia
2705 1127 2791 1191 '15

271 1235 341 1298 in
385 1231 583 1298 filium
629 1231 912 1296 donavit.
1629 1228 2107 1314 discipulosque
2153 1230 2377 1294 erexit.

179 1415 310 1494 Qui
353 1434 426 1481 se
472 1416 765 1480 relictum
812 1417 894 1479 ab
941 1412 1233 1477 omnibus
1350 1409 1434 1473 4⁵
1541 1406 1762 1493 Super
1808 1410 2115 1474 coelorum
2154 1409 2372 1476 sidera

272 1518 423 1584 dnm
464 1520 635 1603 patri
680 1518 1083 1602 queruletur,
1629 1513 1921 1579 ascendit
1963 1515 2254 1579 virtuose

180 1622 584 1687 inimicorum
628 1621 901 1688 vocibus
1543 1623 1737 1700 atque
1782 1617 1848 1679 in
1894 1616 2099 1699 patris
2145 1615 2419 1681 dextera

271 1726 548 1809 turpiter
591 1724 1095 1808 blasphematur.
1419 1815 1424 1820 ι
1535 1741 1548 1754 ·
1630 1717 1876 1783 residet
1919 1720 2224 1802 gloriose.
2703 1722 2795 1786 80

187 1902 315 1981 Qui
360 1902 510 1967 dum
554 1902 886 1966 exhaustis
931 1901 1179 1967 viribus
1543 1902 1664 1981 Qui
1707 1912 2117 1987 pentecostes
2174 1911 2465 1992 tempore

281 2002 507 2092 „sitio“
559 2006 894 2087 clamavit,
1356 2005 1438 2067 50
1631 2007 1926 2088 spiritum
1970 2007 2210 2090 emisit,

191 2110 286 2177 fel
329 2118 395 2174 et
440 2116 693 2173 acetum
739 2106 1030 2174 faucibus
1138 2169 1148 2180 ,
1543 2109 1857 2192 apostolis
1901 2128 2023 2193 pro
2068 2108 2316 2174 foenore

280 2213 463 2277 miles
509 2212 897 2296 propinavit.
1634 2219 1783 2276 ante
1831 2219 1900 2278 ut
1943 2214 2251 2298 promisit.

189 2396 317 2475 Qui
360 2396 824 2480 prophetarum
871 2394 1046 2460 edita
1545 2395 1668 2474 Qui
1713 2403 1779 2460 te
1824 2414 2023 2480 super
2066 2397 2316 2464 aethera
2704 2400 2793 2468 85

281 2518 727 2567 consummans
772 2500 1110 2585 passione,
1628 2506 1932 2583 potenter
1976 2500 2291 2566 exaltavit

195 2606 383 2690 primi
424 2605 713 2689 parentis
761 2605 981 2669 debita
1355 2603 1438 2667 55
1544 2612 1614 2670 et
1656 2606 1722 2669 in
1768 2625 1887 2672 sua
1932 2607 2205 2673 dextera

281 2707 597 2791 persolvit
639 2707 908 2772 ratione.
1632 2709 1941 2776 decenter
1986 2712 2349 2779 collocavit.

199 2885 274 2953 In
316 2904 541 2948 manus
585 2884 792 2968 patris
837 2882 1101 2949 tradidit
1545 2888 1828 2974 Propter
1872 2891 2088 2955 mnndi
2133 2892 2386 2958 scelera

282 2986 575 3069 spiritum
621 2987 1008 3069 pretiosum,
1637 2993 1745 3073 qui
1777 2994 1981 3074 judex
2023 2999 2117 3059 est
2156 3001 2482 3076 ventum,
2708 3000 2795 3064 90

193 3091 330 3156 alta
375 3107 539 3154 voce
586 3089 735 3154 dum
781 3089 981 3154 edidit
1549 3095 1946 3178 singulorum
1984 3115 2189 3180 opera

284 3197 602 3261 canticum
647 3196 1034 3260 dolorosum.
1360 3196 1443 3259 60
1636 3204 1898 3261 strenue
1944 3200 2356 3265 discussurus.

202 3375 426 3441 Crucis
470 3384 740 3441 mortem
783 3377 1043 3442 subiens
1549 3377 1706 3446 Dira
1752 3382 1861 3463 qui
1906 3381 2226 3465 supplicia

282 3482 346 3545 in
393 3500 557 3564 pace
604 3480 1019 3563 obdormivit,
1639 3490 1739 3546 est
1781 3483 2079 3566 reprobis
2123 3482 2423 3568 daturus,

201 3583 444 3649 electos
500 3584 779 3668 eripiens
1550 3582 1669 3646 sed
1715 3584 1939 3650 electis
1984 3585 2226 3668 gaudia
2710 3590 2793 3654 95

287 3686 601 3751 infernum
646 3687 946 3752 introivit.
1637 3695 1884 3754 aeterna
1929 3690 2298 3756 collaturum.

205 3863 484 3930 Satelles
531 3865 700 3930 latus
746 3864 985 3931 domini
1360 3873 1442 3934 65
1548 3871 1896 3938 Orantibus
1941 3875 2261 3939 rosarium

284 3968 517 4036 lancea
558 3971 953 4055 perforavit,
1636 3998 1900 4044 aureum
1940 3986 2067 4042 tuae
2113 3979 2369 4061 matris,

208 4072 351 4139 hinc
395 4094 563 4157 aqua
598 4074 828 4160 juncta
870 4080 1184 4163 sanguine
1547 4081 1709 4149 Jesu
1755 4081 2040 4166 Christe,
2081 4083 2427 4167 propitium

286 4178 542 4244 abunde
589 4182 925 4246 emanavit.
1415 4183 1422 4190 ’
1634 4188 1740 4254 fac
1784 4189 2031 4254 vultum
2076 4188 2167 4251 tui
2212 4184 2439 4268 patris.
2665 4183 2795 4249 200

376 4389 495 4444 Ans
529 4389 687 4446 einer
723 4393 1129 4452 Bronnbacher
1153 4395 1246 4451 ns.
1285 4395 1386 4453 des
1425 4399 1493 4452 15
1519 4398 1714 4455 Jahrh.
1751 4399 1863 4469 (Α)
1900 4397 2011 4452 und
2047 4397 2121 4451 im
2146 4393 2559 4451 Antidotarium
2576 4391 2793 4464 anima,

224 4470 256 4527 f.
287 4477 356 4528 ’15
393 4477 517 4546 (B).
586 4478 700 4534 Der
736 4487 925 4537 ersten
962 4482 1073 4537 und
1108 4482 1317 4540 letzten
1352 4485 1599 4556 strophe
1650 4485 1795 4540 nach
1840 4484 2021 4539 heisst
2055 4482 2239 4537 dieses
2274 4480 2411 4536 Lied
2445 4479 2547 4538 der
2576 4485 2797 4554 yeneno

224 4557 570 4636 losenkranz,
619 4566 728 4621 und
765 4568 838 4623 da
873 4570 1059 4626 hinter
1086 4571 1258 4644 jeder
1292 4571 1540 4643 Strophe
1575 4575 1685 4629 Ave
1718 4573 1895 4628 Maria
1928 4569 2082 4626 steht
2114 4569 2226 4624 und
2261 4567 2364 4624 der
2398 4569 2541 4626 Text
2574 4585 2688 4625 von
2727 4570 2797 4625 10

224 4661 288 4706 zu
314 4655 381 4708 10
418 4652 703 4726 Strophen
750 4662 1016 4730 grossere
1052 4657 1657 4735 Anfangsbuchstaben
1691 4661 1820 4735 hat,
1869 4677 1938 4718 so
1974 4659 2123 4717 sieht
2155 4674 2285 4717 man
2318 4658 2497 4717 daran
2529 4656 2799 4727 deutlich,
