3167 5242
442 227 531 303 10

439 411 512 476 Α.
572 408 708 478 Ista
749 410 900 479 vitis
947 419 1049 481 est
1090 412 1306 481 Maria

657 512 911 583 Judaeae
953 518 1305 601 progenie,

570 617 656 683 ad
701 630 1085 706 oonoeptum
1132 629 1290 687 nutu
1338 621 1445 687 dei

661 741 808 804 quae
850 727 1176 808 processit
1220 726 1433 790 hodie.

435 885 508 950 A.
567 882 731 951 Haeo
774 892 875 951 est
920 889 1178 953 botrum
1220 889 1514 975 paritura
1605 893 1686 955 75

649 991 842 1074 virgo
886 992 1084 1075 plena
1127 990 1342 1075 gratia
1365 1040 1384 1076 ,

561 1095 670 1176 qui
716 1095 926 1159 erucis
970 1115 1239 1180 pressus
1282 1097 1348 1161 in
1393 1099 1584 1182 prelo

649 1196 1073 1263 convivantes
1120 1200 1347 1265 ebriat.

430 1373 502 1439 A.
563 1371 907 1438 Gratulare
954 1382 1020 1440 et
1061 1376 1319 1460 laetare,

645 1479 802 1541 urbs
855 1479 1068 1561 opima
1112 1479 1462 1566 Nazareth,

558 1579 893 1647 hodiernae
938 1583 1308 1651 fecundaris

644 1686 942 1752 ubertate
992 1691 1244 1773 gratiae,

556 1806 748 1853 oasus
793 1792 1051 1876 mortis,
1105 1795 1280 1859 salus
1327 1798 1503 1865 orbis

643 1909 796 1974 spes
843 1892 1034 1957 datur
1078 1902 1144 1958 et
1187 1897 1416 1961 veniae.

1597 1484 1683 1553 80

421 2068 495 2134 R.
552 2067 965 2155 Prophetalis
1010 2078 1245 2142 nubem
1287 2078 1501 2144 levem

637 2192 771 2241 vox
816 2176 980 2244 dixit
1025 2181 1382 2248 ascendere

549 2277 948 2346 salvatorem
989 2281 1417 2370 Aegyptique

633 2384 939 2445 tenebras
983 2385 1300 2467 invisere,

547 2484 618 2541 ut
660 2479 726 2541 in
770 2482 998 2544 mortis
1044 2484 1323 2566 caligine

549 2579 853 2646 sedentes
900 2582 1135 2648 lustret
1177 2586 1430 2652 lumine.

1590 2082 1676 2148 85

1587 2591 1669 2656 90

426 2760 491 2825 V.
549 2756 906 2842 Diffugiunt
949 2764 1271 2845 tenebrae,

541 2862 835 2948 pandunt
866 2873 1122 2931 secreta
1152 2868 1441 2934 latebrae.
1474 2867 1562 2938 Ut
1578 2872 1663 2936 in.

407 3024 481 3090 R.
536 3024 824 3091 Verbum
867 3030 1074 3112 patris
1118 3032 1357 3099 mundo
1400 3035 1581 3101 fulsit

627 3129 900 3213 virginis
942 3152 1066 3216 per
1111 3140 1362 3203 uterum
1383 3184 1402 3217 ‚

538 3232 724 3316 cujus
753 3241 1031 3299 mentem
1066 3254 1197 3301 non
1225 3240 1530 3320 gravavit
1574 3243 1659 3305 95

624 3356 786 3402 onus
829 3359 1132 3423 premens
1178 3343 1526 3429 scelerum,

536 3437 702 3503 siout
744 3440 810 3502 in
853 3441 1066 3505 vellus
1110 3443 1335 3526 pluvia

535 3542 633 3606 sio
676 3542 1014 3609 deseendit
1047 3546 1115 3609 in
1148 3545 1380 3612 Maria.
1505 3582 1516 3593 ·

411 3708 476 3773 V.
534 3704 758 3772 Solem
793 3709 1067 3792 justitiae

530 3814 925 3883 concludunt
948 3808 1495 3987 elaust'rgMariae.
1527 3822 1653 3887 100

1238 3922 1388 3989 ient.

397 4080 471 4146 R.
535 4077 829 4159 Celebris
876 4083 1014 4147 dies
1061 4085 1326 4169 colitur,

527 4181 594 4247 in
640 4201 767 4264 qua
814 4186 1008 4267 virgo
1054 4188 1443 4273 concipitur,

526 4308 674 4372 quae
709 4309 832 4374 per
869 4290 1303 4361 obedientiam

522 4393 761 4459 mundo
807 4394 1045 4463 refudit
1086 4396 1380 4481 gratiam,

525 4505 614 4580 ut,
642 4499 817 4580 quod
842 4501 971 4567 ruit
998 4520 1122 4585 per
1145 4500 1467 4587 feminam,
1517 4502 1642 4567 105

520 4600 850 4666 relevetur
892 4622 1016 4686 per
1056 4605 1379 4671 feminam.

1813 415 1877 483 v.
1934 415 2069 483 lata
2113 418 2234 487 fuit
2261 396 2479 504 'digna

1930 520 2384 602 transgressas
2465 530 2727 607 tergere
2802 528 2995 613 signa.

2564 626 2653 693 Ut
2696 630 2887 712 quod.

1795 785 1869 851 R.
1931 783 2109 854 Ecce
2153 805 2391 853 novum
2435 811 2558 881 per
2601 795 2978 878 prophetam

2011 908 2211 975 super
2255 898 2497 957 terram
2540 895 2797 981 facere,
2921 901 3022 963 110

1925 1015 2000 1060 se
2041 999 2343 1083 promisit
2387 1008 2646 1085 auctor,
2690 1005 2904 1070 virum

2006 1101 2308 1166 feminam
2353 1103 2790 1190 circumdare3

1924 1206 2302 1273 venerenda
2344 1210 2635 1275 novitate

2010 1309 2336 1392 prodeunt
2383 1312 2729 1399 miracula,

1919 1432 2068 1477 nam
2085 1413 2317 1483 Mariae
2334 1437 2687 1503 praegnans
2709 1421 2896 1487 alvus
2917 1422 3016 1484 115

2007 1514 2114 1579 dei
2158 1518 2412 1600 prolem
2454 1520 2724 1604 baJulat.

1794 1676 1858 1741 V.
1919 1673 2199 1744 Sanetus
2246 1679 2397 1747 huie
2442 1684 2855 1753 obumbrabit

1916 1781 2179 1863 spiritus
2226 1791 2291 1847 et
2337 1785 2713 1867 gravidabit

1913 1883 2116 1967 fitque
2154 1906 2399 1970 parens

1917 1988 2110 2071 virgo
2154 2009 2439 2055 manens

1988 2091 2156 2158 Nam
2198 2093 2366 2160 Mar.
2411 2094 2638 2161 Gloria
2681 2117 2746 2181 p.

2908 1991 3010 2056 120

2210 2269 2298 2331 ad
2338 2272 2604 2332 cantica.

1777 2398 1849 2467 A.
1908 2396 2108 2481 Audi,
2155 2401 2347 2483 virgo
2392 2401 2692 2484 glorifica
2712 2450 2731 2486 ,

1905 2508 2058 2589 post
2102 2500 2303 2567 filium
2347 2521 2502 2591 spes
2547 2506 2770 2589 unica,

1992 2604 2275 2669 clemens
2321 2615 2389 2672 et
2430 2608 2782 2693 imperialis
2803 2656 2822 2694 ,

1989 2717 2214 2774 nostra
2259 2710 2406 2776 dele
2450 2713 2820 2797 maculosa,

1904 2821 2256 2897 acceptans
2299 2824 2527 2882 nostra
2571 2818 2825 2891 ,cantica
2900 2813 3009 2879 125

1901 2917 2179 3003 impetra
2222 2919 2431 2985 fulera
2474 2922 2720 2988 ooelioa.

1765 3080 1838 3146 R.
1895 3078 1949 3145 0
1992 3072 2190 3147 beata
2231 3083 2615 3166 progenies,

1897 3199 1938 3247 o
1982 3183 2361 3249 veneranda
2405 3185 2691 3268 speeieS,

1985 3284 2157 3350 unde
2203 3288 2411 3370 surgit
2452 3296 2524 3353 ut
2568 3305 2808 3353 aurora

1984 3389 2200 3455 Maria
2244 3392 2437 3474 virgo
2483 3392 2744 3477 deeora,
2893 3386 3001 3453 13⁰

1980 3512 2128 3576 quae
2170 3493 2481 3578 produxit
2523 3496 2761 3561 mundo
2790 3495 2998 3573 solem,

1981 3615 2207 3667 veram
2258 3596 2366 3662 dei
2409 3600 2616 3684 patris
2657 3602 2924 3685 prolem·

1769 3745 1832 3812 V.
1889 3742 2052 3811 Haee
2094 3746 2326 3811 merito
2371 3745 2546 3813 dieta

1887 3868 2092 3933 super
2164 3866 2386 3914 omnes
2478 3858 2579 3915 est
2652 3849 2992 3917 benedicta.

2490 3955 2651 4036 Quae
2687 3978 2752 4043 p.

1754 4088 1827 4156 R.
1891 4088 2417 4157 Patriaroharum
2463 4092 2723 4174 semine,

1886 4192 2356 4279 prophetarum
2401 4196 2689 4279 origine,

1882 4316 2113 4380 regum
2159 4305 2353 4383 atque
2397 4299 2776 4387 pontificum

1882 4419 2092 4483 genus
2136 4409 2370 4471 vernat
2411 4402 2854 4487 magnificum,

1881 4502 2053 4575 unde
2097 4506 2289 4589 virgo
2338 4507 2718 4593 concipitur,

1879 4605 2122 4675 Christi
2161 4617 2372 4679 mater
2416 4611 2697 4696 eligitur.

2882 4081 2989 4152 135

2870 4598 2979 4669 140
