3167 5242
109 484 318 552 Vale
369 481 643 570 pulchra
686 484 917 551 ‚Iudith
959 486 1145 551 fortis
1162 536 1180 572 ‚

107 609 311 656 neca
361 598 608 655 trucem
647 589 875 655 ducem
920 591 1177 672 mortis,

109 691 391 758 Hester
436 712 555 759 nos
602 694 684 758 de
727 695 952 759 mortis
995 696 1203 788 portis

115 797 307 882 due,
358 807 430 868 ut
472 800 669 870 simus
713 807 844 868 tuae
892 802 1088 868 sortis

219 902 301 966 in
354 902 605 967 coelesti
648 903 847 968 curia.
1281 903 1405 969 190

113 1092 321 1160 Vale
367 1113 627 1178 semper
667 1102 737 1160 et
778 1096 1010 1160 loetare

123 1201 209 1262 et
258 1196 442 1280 qued
488 1197 682 1280 digne
729 1199 1109 1265 collaudare

124 1308 205 1367 te
252 1302 629 1386 nequimus,
673 1302 798 1369 hoc
844 1303 1117 1387 dignare

130 1412 209 1471 tu
257 1423 392 1490 pro
434 1405 627 1474 lande
675 1413 1056 1493 acceptare,

227 1506 384 1574 laus
427 1506 689 1580 humani
730 1511 1013 1594 generis.
1280 1510 1402 1576 195

133 1695 322 1764 Vale
367 1699 591 1782 virgo,
636 1699 754 1770 tihi
799 1700 1039 1784 clamo,

138 1817 185 1865 o
232 1799 485 1882 Maria,
534 1820 681 1863 nam
725 1807 790 1864 te
836 1818 1012 1884 amo,

17 1919 18 1932 ¹
138 1902 417 1989 pietatis
462 1911 592 1968 tuae
634 1922 816 1968 ramo

143 2007 342 2085 solve
388 2026 491 2070 me
537 2006 619 2071 de
660 2007 885 2071 mortis
928 2005 1152 2089 hamo,

199 2109 204 2114 ’
242 2108 583 2207 collocans·
622 2110 686 2173 in
732 2108 1035 2174 dexteris,
1273 2110 1403 2174 200

150 2294 208 2364 0
254 2297 498 2382 Maria,
545 2298 772 2363 dulcor
817 2297 1078 2383 florum,

154 2402 364 2467 virtus
407 2403 630 2486 myrti,
677 2422 795 2468 arx
842 2401 1217 2485 cedrorum,

129 2491 260 2572 ‘vis
302 2507 615 2571 malorum
657 2508 1070 2591 punicorum,

155 2610 326 2678 cella
367 2609 671 2693 fragrans
716 2618 1194 2695 unguentorum

243 2714 501 2798 ollaque
544 2716 812 2779 vinaria.
1269 2715 1400 2779 205

165 2904 222 2974 0
266 2906 509 2988 Maria,
552 2906 675 2971 ssos
719 2925 1046 2992 rosarum,
1168 2892 1174 2900 ⁶

171 2993 581 3092 cinnamomi,
627 3010 974 3095 olivarum,

165 3114 348 3183 nardi
393 3114 598 3200 Cypri
646 3134 725 3181 ac
765 3116 1154 3201 palmarum,

168 3217 448 3305 myrrhae
464 3269 481 3302 ,
527 3219 766 3304 thuris,
811 3219 1171 3287 fistularum

250 3324 450 3410 vincis
494 3324 941 3409 pigmentaria.
1275 3325 1404 3390 210

173 3510 225 3577 0
265 3513 502 3595 Maria,
541 3513 764 3588 clausa
809 3522 1038 3600 porta,

176 3617 417 3684 clausus
459 3617 686 3705 hortus
700 3666 717 3701 ,
761 3634 884 3682 nos
928 3618 1255 3705 conforta,

173 3727 241 3788 tu
281 3720 357 3785 de
402 3722 605 3803 stirpe
649 3740 877 3802 regum
922 3728 1096 3807 orta,

174 3824 463 3910 paradiso
509 3843 630 3888 nos
675 3832 974 3909 reporta,

195 4013 203 4022 .
253 3927 565 4008 virginum
607 3927 922 4010 primitiae.
1271 3932 1396 3996 215

179 4117 230 4183 0
267 4111 469 4185 Maria
512 4121 722 4185 mellis
771 4130 1017 4209 crater,

182 4228 243 4288 te
280 4222 471 4306 elegit
514 4221 674 4290 deus
717 4232 938 4309 pater,

185 4321 310 4410 ejus
350 4332 501 4390 nato
547 4332 616 4390 ut
660 4327 748 4391 sis
791 4334 997 4394 mater

2627 297 2759 364 2⁸71

1511 490 1623 574 qui
1662 512 1785 576 per
1831 499 1894 556 te
1942 497 2044 555 est
2088 489 2274 555 nohis
2316 483 2554 572 frater,

1599 611 1639 658 o
1684 593 2010 659 inventrix
2051 591 2319 675 gratiae!
2626 590 2755 662 220

1507 793 1564 860 Ο
1613 794 1857 876 Maria,
1896 795 2077 878 regis
2120 794 2265 862 veri

1507 899 1702 982 virga
1746 918 1946 963 aurea
1988 894 2296 980 Assneri,

1508 1003 1670 1068 iram
1708 1001 1950 1085 judicis
1994 1001 2215 1066 severi

1507 1105 1639 1169 scis
1684 1104 1919 1187 lenire,
1965 1111 2036 1167 ut
2078 1103 2327 1168 mederi

1594 1209 1774 1273 malit
1819 1227 2010 1290 quam
2051 1216 2414 1293 percutere.
2629 1209 2757 1273 225

1509 1411 1562 1478 Ο
1610 1412 1822 1478 Maria
1865 1412 2240 1495 insignita,'

1506 1517 1703 1584 turris
1742 1516 1962 1582 David
2003 1516 2418 1600 praemunita,

1505 1622 1572 1685 in
1619 1639 1922 1705 supremo
1970 1622 2119 1686 ooeli
2161 1622 2319 1702 sita,

1504 1744 1628 1809 per
1673 1732 1738 1787 te
1785 1723 2024 1790 cohors
2072 1725 2159 1788 sit
2203 1724 2510 1808 contrita,

1595 1847 1741 1912 quae
1783 1846 1904 1893 nos
1953 1830 2129 1916 cupit
2174 1830 2438 1895 laedere.
2625 1828 2755 1900 230

1508 2033 1561 2100 0
1607 2036 1821 2102 Maria
1838 2087 1855 2119 ,
1902 2046 1973 2104 tu
2014 2039 2304 2104 sublimis

1508 2143 1689 2209 scala
1734 2144 1910 2224 coeli,
1956 2160 2223 2226 pressos
2270 2144 2455 2212 nimis

1509 2245 1637 2311 duc
1678 2247 1744 2309 in
1789 2245 1987 2309 altum
2030 2262 2150 2307 nos
2196 2247 2279 2310 ab
2323 2245 2500 2326 imis,

1509 2347 1876 2433 copulando
1913 2365 2035 2412 nos
2081 2349 2316 2433 opimis

1594 2470 2018 2538 supernorum
2064 2453 2315 2518 civium.
2629 2454 2757 2520 235

1505 2663 1562 2730 Ο
1600 2663 1846 2746 Maria,
1890 2682 2133 2748 sponsa
2169 2663 2311 2749 dia,

1506 2789 1697 2852 qnam
1743 2768 2025 2834 coelestis
2071 2769 2442 2835 hierarchia

1499 2871 1650 2957 jugi
1694 2871 1918 2935 laudat
1961 2872 2380 2956 symphonia,
2422 2877 2427 2882 ’

1509 2974 1663 3040 audi
1706 2991 1970 3058 preces,
2014 2981 2224 3039 mater
2266 2976 2377 3058 pia

1597 3078 1712 3146 tibi
1756 3078 2267 3166 supplicantium.
2624 3079 2754 3178 240

1511 3284 1567 3351 0
1611 3286 1852 3368 Maria,
1898 3305 2159 3370 semper
2201 3305 2368 3381 ave,

1509 3399 1752 3459 sertum
1795 3392 1923 3457 hoc
1967 3412 2050 3456 ne
2096 3391 2295 3458 ducas
2338 3410 2545 3476 grave
2563 3438 2585 3476 ,

1514 3514 1824 3561 summum
1872 3494 2113 3561 Christi
2158 3505 2225 3562 tu
2272 3497 2612 3583 conclave,

1513 3608 1579 3666 te
1624 3607 1695 3665 ut
1737 3600 2029 3687 laudem,
2071 3603 2225 3668 mihi
2267 3603 2419 3670 fave

1594 3705 1853 3790 perpeti
1896 3707 2219 3770 memoria.
2626 3709 2753 3776 245

1505 3911 1562 3978 Ο
1608 3913 1850 3996 Maria,
1898 3932 2271 3979 recreamen
2287 3963 2305 3998 ,

1505 4016 1702 4101 placa
1744 4023 2028 4100 patrem,
2075 4025 2289 4081 natum
2310 4064 2327 4098 ,
2372 4015 2641 4100 flamen,

1505 4125 1577 4184 nt
1621 4117 1815 4183 finale
1857 4127 2007 4204 post
2052 4139 2326 4183 examen

1508 4224 1750 4288 sanctis
1796 4241 1915 4290 nos
1953 4223 2328 4310 conjungat,
2374 4242 2582 4308 amen,

1590 4328 1658 4416 in
1702 4348 1987 4413 superna
2030 4330 2260 4413 patria.
2622 4325 2753 4392 250
2788 4319 2792 4324 ’

335 4532 744 4610 Strasshnrger
776 4538 873 4595 Hs.
905 4538 967 4595 E.
1004 4540 1123 4594 135.
1157 4539 1242 4596 m.
1271 4541 1552 4596 129-132
1575 4540 1716 4611 (A).
1788 4538 1884 4594 11⁸.
1923 4555 1993 4593 zu
2029 4537 2359 4601 Karlsrnhe,
2396 4551 2449 4591 o.
2477 4533 2583 4592 No.
2619 4549 2753 4591 vom

187 4621 313 4680 mr
345 4624 496 4678 mo.
547 4625 634 4681 Βι
673 4628 775 4681 125
829 4627 955 4697 (s).

1053 4627 1147 4683 ns.
1195 4645 1267 4684 zu
1312 4628 1625 4697 Miinchen,
1667 4627 1802 4684 olm.
1839 4625 1997 4680 3⁰12.
2050 4622 2091 4680 f.
2121 4628 2215 4680 22.
2269 4626 2337 4678 15
2372 4624 2566 4680 Jahrb.
2628 4623 2756 4694 (G).

196 4709 277 4769 Hs.
307 4708 398 4766 des
427 4714 494 4766 15
531 4712 729 4771 Jahrh.
761 4731 831 4770 zu
857 4714 917 4773 S.
941 4714 1089 4774 Paul
1119 4716 1180 4773 in
1203 4717 1459 4776 xamen
1489 4715 1598 4773 No.
1634 4717 1720 4774 u.
1754 4712 1858 4773 fol.
1891 4715 1979 4770 79.
2014 4713 2105 4771 ὼ
2140 4712 2369 4771 Sotium
2399 4729 2445 4770 s.
2480 4708 2741 4769 somna
2768 4710 2793 4765 i
