3167 5242
439 490 493 556 0
539 490 795 592 demina
837 490 1162 575 piissima,
1600 492 1683 554 65

440 596 610 661 omni
653 595 844 660 laude
891 594 1293 679 dignissima,

436 699 544 766 fae
587 719 688 763 me
733 701 928 784 digne
973 709 1038 765 te
1085 699 1393 782 laudare,

436 806 741 871 venerari
783 813 850 869 et
895 824 1131 869 amare.

438 995 492 1061 0
538 996 793 1061 domina
840 993 966 1058 deo
1011 1011 1167 1057 eara
1185 1041 1202 1074 ‚

437 1099 640 1181 stirpe
688 1095 927 1160 decens
973 1103 1040 1157 et
1082 1092 1436 1177 praeclara,

438 1202 554 1265 sed
600 1200 841 1264 meritis
884 1198 1266 1282 praeclarior

435 1305 847 1386 moribusque
894 1300 1188 1365 nobilior.

1598 1093 1683 1154 ’10

439 1494 493 1560 0
541 1496 797 1563 domina
841 1491 1241 1576 gratissima,

437 1602 779 1667 virtutibus
824 1598 1166 1676 ditissima,

438 1706 608 1771 omni
653 1707 826 1768 bono
870 1709 999 1766 tam
1045 1699 1319 1764 fecunda
1343 1748 1360 1781 ‚

438 1806 612 1891 quod
655 1806 813 1870 nulli
858 1823 930 1867 es
974 1804 1101 1867 hoe
1147 1802 1449 1867 secunda.

1601 1703 1682 1763 75

433 1997 644 2080 Virgo
689 2014 946 2078 semper
989 2001 1138 2058 ante
1184 2000 1438 2077 partum

436 2109 504 2166 et
546 2101 612 2164 in
660 2107 852 2183 partu
898 2107 965 2161 et
1007 2106 1158 2181 post
1199 2105 1456 2180 partum

427 2205 580 2289 jure
627 2203 873 2269 cunctis
917 2220 992 2266 es
1033 2201 1342 2285 proelata‚

436 2328 632 2393 super
677 2324 898 2372 omnes
942 2307 1245 2372 exaltata.
1595 2306 1679 2369 80

432 2498 708 2585 Semper
752 2506 964 2580 easta,
1011 2515 1269 2580 semper
1315 2515 1514 2580 pura,

434 2624 691 2689 semper
737 2602 862 2667 deo
907 2601 1256 2687 placitura,

432 2725 756 2788 nunquam
799 2704 994 2786 levia,
1042 2721 1362 2784 nunquam
1406 2720 1598 2783 vana,

434 2828 515 2875 ao
557 2810 613 2873 si
657 2828 834 2872 esses
871 2796 1007 2872 ‘non
1053 2808 1347 2872 humana.

434 2995 488 3061 0
535 2997 791 3062 domina
836 2996 1230 3061 dominarum
1245 3045 1265 3080 ,
1593 2995 1679 3059 85

434 3120 474 3167 o
518 3103 747 3185 regina
789 3102 1192 3183 reginarum,

432 3214 704 3290 propter
745 3213 919 3270 tuam
962 3206 1269 3291 pietatem

431 3310 605 3393 pelle
648 3329 856 3376 meam
899 3318 1366 3394 paupertatem.

605 3521 699 3576 Hs·
735 3538 805 3576 zu
841 3521 1210 3590 Lichtenthal‚
1248 3523 1319 3575 14
1352 3520 1544 3575 Jahrb.
1582 3523 1712 3590 (A).

431 3611 500 3662 15
534 3608 727 3663 Jahn-h.
767 3610 904 3678 (Β),
940 3607 1041 3662 mit
1075 3608 1177 3666 der
1212 3606 1634 3665 Ueberschrist:
1674 3609 1744 3664 de
1782 3626 1831 3664 s.
1866 3610 2071 3678 Maria,
2107 3614 2289 3664 matre
2327 3609 2747 3667 misericordia.
2830 3613 2939 3670 Es.
2992 3633 3061 3671 n

429 3695 701 3755 Miinehen
738 3696 872 3752 Clm.
911 3698 1122 3766 11‚325.
1160 3692 1201 3750 f.
1236 3697 1320 3750 9².
1358 3695 1458 3750 des
1498 3698 1566 3749 12
1601 3696 1798 3752 Jahrb.
1836 3698 1958 3768 (C).

603 3857 638 3911 3
694 3870 823 3925 spes
871 3854 979 3909 BG.
1084 3855 1117 3907 5
1167 3854 1331 3908 salva
1362 3856 1431 3909 A.
1538 3857 1574 3908 ’7
1610 3855 1797 3909 omnia
1832 3853 1893 3909 B.

426 3945 500 3997 20
535 3959 691 3998 suum
727 3944 804 4012 B,
839 3958 1104 3996 summum
1141 3942 1201 3998 O.
1269 3945 1339 3995 22
1375 3941 1539 3997 trado
1577 3943 1651 4012 C,
1688 3942 1859 3998 tendo
1898 3943 1959 3997 B.
2040 3945 2112 3997 23
2150 3947 2211 3997 ut
2246 3942 2290 3998 G
2312 3982 2327 4010 ,
2368 3941 2594 4013 suspice
2630 3942 2705 4011 B,
2740 3943 2961 4015 accipe
3002 3947 3057 4001 C.

426 4036 498 4088 24
531 4050 619 4089 me
655 4030 693 4089 f.
729 4032 837 4088 hue
864 4034 926 4102 G,
963 4033 1106 4086 hunc
1140 4033 1328 4102 recipe
1353 4035 1420 4087 A.
1491 4034 1560 4085 25
1598 4049 1687 4088 me
1713 4034 1776 4103 C,
1817 4034 1924 4089 hue
1952 4034 2012 4088 B.
2080 4035 2152 4087 29
2188 4039 2253 4088 tu
2292 4029 2440 4087 fehlt
2471 4034 2540 4089 A.
2610 4034 2683 4087 30
2708 4030 3059 4089 visitatione

429 4127 530 4177 tua
563 4123 628 4178 A.
699 4123 765 4175 31
806 4135 932 4175 nam
968 4126 1065 4175 tua
1102 4120 1206 4174 vis.
1242 4121 1356 4175 AB.
1424 4122 1495 4175 32
1533 4121 1751 4177 ablutio
1789 4123 1851 4190 G,
1889 4127 1977 4176 est
2016 4136 2168 4191 pecc.
2205 4136 2458 4176 meorum
2491 4122 2555 4192 A,
2595 4126 2688 4175 est
2719 4133 2883 4189 peec.
2924 4121 3057 4177 1:13.

1786 489 2047 575 Pauper
2090 490 2263 555 enim
2308 497 2375 554 et
2416 509 2664 574 egenus

1791 614 1830 658 a
1876 592 2001 658 deo
2048 614 2186 659 sum
2233 596 2519 678 alienus,

1789 697 2135 762 adversum
2178 718 2279 764 me
2324 699 2575 764 irritavi

1790 800 2008 884 deum,
2052 803 2119 866 in
2164 823 2352 886 quem
2397 811 2527 867 tam
2570 802 2887 888 peceavi.

2984 598 3065 662 90

1787 992 1990 1056 Deum
2034 991 2188 1056 mihi
2233 990 2548 1076 pacifica,

1790 1098 1897 1160 dei
1941 1105 2148 1161 mater
2193 1105 2259 1161 et
2303 1098 2546 1179 amica,

1787 1200 1935 1266 haeo
1977 1209 2041 1265 te
2087 1218 2284 1286 posse
2329 1202 2711 1285 impetrare,

1789 1304 2001 1369 nullus
2048 1303 2244 1370 debet
2289 1303 2605 1370 dubitare.

2982 1205 3059 1265 95

1789 1492 1842 1558 Ο
1887 1495 2212 1578 praeelara
2256 1494 2446 1558 stella
2490 1493 2717 1576 marie,

1789 1616 1935 1680 quae
1981 1616 2123 1662 eum
2169 1596 2295 1661 deo
2340 1597 2676 1679 gloriar-ie,

1786 1722 1888 1766 me
1934 1702 2018 1765 ad
2062 1707 2319 1785 portum
2366 1701 2473 1765 fae
2515 1700 2780 1780 venire,
3140 1719 3141 1790 j

1787 1825 2109 1887 nunquam
2154 1805 2327 1868 sinas
2373 1824 2475 1867 me
2516 1804 2774 1887 perire!
2934 1806 3053 1869 100

1788 1995 1841 2061 Ο
1887 1997 2127 2072 Maria,
2173 1995 2388 2060 lumen
2432 1996 2618 2078 vitae,

1789 2120 1910 2185 per
1956 2109 2022 2164 te
2067 2102 2255 2167 nobis
2300 2101 2677 2184 impertitae,

1792 2205 1982 2268 visita
2026 2223 2128 2267 me
2175 2221 2435 2267 servum
2480 2211 2656 2267 tuum

1789 2309 1855 2371 in
1897 2308 2185 2392 peccatis
2232 2315 2710 2391 praemortuum.

1790 2494 1844 2560 0
1889 2495 2131 2579 Maria,
2176 2496 2297 2561 flos
2341 2496 2697 2580 virginum,
3022 2501 3055 2562 5
3140 2479 3141 2494 ἵ

1791 2615 1907 2663 ora
1950 2617 2073 2683 pro
2116 2617 2220 2664 me
2266 2600 2352 2664 ad
2398 2600 2756 2685 dominum,

1788 2709 1860 2765 ut
1903 2700 1988 2764 ad
2033 2702 2183 2766 coeli
2224 2700 2474 2785 palatia

1787 2806 2163 2888 perveniam
2202 2813 2268 2869 te
2312 2804 2590 2889 praeviA,

1786 2995 1915 3063 Ubi
1956 2998 2152 3060 miser
2197 2998 2624 3079 nequissimus
2707 3058 2719 3072 ,

1785 3102 2028 3186 possim
2071 3119 2216 3166 esse
2250 3102 2362 3165 vel
2406 3102 2661 3167 ultimus

1784 3204 2056 3269 laudans
2107 3204 2295 3270 deum
2338 3225 2463 3289 per
2509 3206 2724 3272 omnia

1785 3309 2171 3374 saeculorum
2215 3310 2476 3376 saecula.
2541 3330 2746 3375 amen.

2940 3108 3057 3170 110

1785 3521 1879 3576 Hs,
1915 3537 1986 3575 zu
2021 3521 2217 3590 Mainz,
2252 3524 2399 3595 Aug.
2436 3523 2541 3578 No.
2568 3523 2689 3579 ⁴38.
2728 3520 2770 3578 f.
2814 3527 2913 3582 55.
2958 3529 3061 3584 ‹1oe

2004 3855 2152 3907 10-
2173 3856 2240 3910 12
2278 3853 2426 3909 inter
2462 3853 2572 3910 Bc.
2682 3855 2751 3907 14
2790 3852 2958 3914 fehlt
2994 3861 3057 3914 A.

430 4209 642 4264 36-60
677 4206 866 4262 fehlen
902 4207 959 4261 in
993 4209 1059 4261 A.
1134 4209 1204 4262 37
1240 4206 1496 4261 vocitare
1532 4207 1596 4263 B.
1666 4210 1737 4262 w
1772 4207 1982 4262 nullum
2019 4222 2056 4260 a
2088 4222 2177 4260 me
2213 4207 2274 4261 Β.
2351 4208 2422 4262 48
2461 4208 2585 4261 haee
2621 4205 2689 4274 G,
2724 4206 2821 4263 die
2858 4209 3055 4266 scone

431 4295 649 4351 seheint
683 4294 1017 4349 verdorben.
1102 4294 1174 4348 48
1222 4293 1366 4348 auch
1411 4293 1531 4347 hier
1579 4294 1726 4365 liegt
1774 4294 1862 4348 ein
1899 4292 2307 4358 Verderbniss,
2368 4294 2512 4349 deun
2548 4293 2651 4349 der
2685 4294 2851 4351 Reim
2882 4294 3054 4353 fehlt

432 4385 503 4438 56
538 4382 695 4455 cogit
728 4383 789 4438 B.
860 4384 930 4437 59
963 4397 1171 4454 precor
1206 4380 1316 4436 mei
1350 4382 1395 4435 B
1415 4421 1431 4450 ,
1468 4380 1572 4436 tibi
1613 4397 1753 4436 eom.
1788 4381 1861 4444 C,
1896 4387 2063 4451 atque
2099 4379 2194 4449 N.,
2231 4395 2393 4450 quem
2426 4380 2531 4435 tibi
2566 4397 2721 4453 sape
2754 4397 3055 4441 commen·

433 4470 566 4525 davi
599 4473 660 4526 B.
696 4471 813 4544 vgl.
850 4469 955 4525 No.
993 4471 1114 4538 516,
1153 4471 1235 4523 14.
1278 4466 1444 4523 Diese
1480 4468 1576 4524 Hs,
1610 4468 1836 4523 wendet
1870 4467 1997 4523 also
2033 4467 2135 4523 das
2170 4466 2307 4523 Lied
2344 4465 2455 4522 auf
2482 4467 2645 4523 einen
2681 4468 3053 4528 bestimmten

432 4557 645 4612 Namen
680 4575 766 4613 an.
833 4559 930 4613 Ich
979 4557 1124 4613 habe
1173 4558 1256 4611 sie
1302 4556 1457 4611 nieht
1502 4555 1703 4611 weiter
1738 4555 2084 4627 verglichen.
2182 4557 2254 4610 62
2291 4555 2470 4612 ditias.
2508 4558 2571 4614 A.
2670 4558 2741 4612 64
2776 4574 2948 4630 saepe
2989 4560 3051 4616 G.

433 4645 505 4698 67
541 4658 734 4713 quaeso
770 4642 808 4700 f.
845 4645 956 4718 dig.
991 4647 1058 4703 A.
1142 4647 1213 4699 70
1249 4659 1316 4699 ae
1357 4642 1418 4699 G.
1488 4646 1558 4698 72
1592 4642 1839 4699 moribus
1875 4648 1933 4699 et
1967 4643 2261 4700 sublimior
2296 4646 2362 4701 A.
2434 4647 2506 4699 74
2539 4643 2764 4700 duleis&
2802 4648 2889 4715 A,
2930 4647 3049 4702 vir-

431 4729 751 4803 tutibusque
787 4733 848 4790 C.
916 4735 989 4788 75
1023 4733 1176 4789 bona
1211 4733 1324 4790 tria
1359 4734 1426 4789 A.

1505 4732 1577 4787 ’16
1614 4736 1706 4789 est
1740 4763 1804 4776 —
1842 4728 1949 4789 fec.
1984 4734 2063 4806 A,
2118 4732 2250 4790 hine
2286 4731 2346 4790 G.
2416 4734 2489 4789 79
2524 4738 2615 4794 eet
2645 4734 2947 4806 praeclara
2981 4737 3047 4791 A.
