3167 5242
909 963 1998 1054 MARIENLIEDER.

495 1367 666 1444 321.
742 1370 830 1442 In
883 1368 1206 1444 omnibus
1253 1369 1883 1470 sollempnitatibus
1933 1368 2024 1441 h..
2055 1370 2304 1443 Mariae
2354 1397 2421 1442 ν.
2501 1330 2508 1337 ⁰

138 1570 535 1655 Mysterium
580 1572 880 1638 eeclesiae
900 1622 918 1656 ,
1507 1572 1688 1640 Vere
1731 1574 1948 1657 gratia
1988 1574 2186 1657 plena
2237 1591 2313 1639 es

24 1676 31 1683 ’
138 1675 456 1757 hymnum
502 1672 764 1740 Christo
809 1677 1180 1762 referimus5
1507 1683 1576 1742 et
1620 1677 1912 1762 gloriosa
1953 1694 2301 1761 permanes
2320 1723 2339 1759 ‚

141 1796 340 1862 quem
384 1779 609 1862 genuit
651 1799 1013 1866 puerpera,
1507 1781 1661 1863 quia
1705 1799 1790 1843 ex
1834 1786 1899 1843 te
1943 1778 2131 1846 nobis
2176 1785 2367 1842 natus
2412 1783 2516 1842 est
2533 1825 2551 1861 ,

118 1885 420 1950 „verbum
464 1883 672 1967 patris
715 1886 782 1948 in
828 1884 981 1949 filio.
1504 1903 1630 1969 per
1674 1902 1865 1965 quem
1908 1882 2084 1947 faeta
2126 1888 2277 1948 sunt
2318 1881 2548 1946 omnia.
2673 1880 2760 1946 20

136 2067 312 2136 Sola
354 2072 424 2136 in
467 2090 634 2136 sexu
675 2072 916 2135 femina
1019 2125 1030 2135 .
1364 2077 1403 2137 5
1506 2071 1817 2137 Pastores
1830 2121 1848 2155 ,
1894 2073 2003 2155 qui
2052 2073 2425 2157 audierunt,

140 2174 367 2239 electa
411 2191 485 2237 es
528 2173 597 2237 in
624 2173 893 2255 seculo,
1508 2174 1786 2255 gloriam
1829 2174 1955 2239 deo
2001 2182 2375 2257 cantarunt,

139 2293 318 2358 quae
362 2275 651 2340 meruisti
697 2273 1020 2340 dominum
1334 2324 1359 2351 2
1507 2282 1933 2343 cucurrerunt
1973 2276 2042 2339 in
2082 2273 2466 2340 Bethlehem
2481 2320 2502 2357 ‚

141 2382 376 2443 saneto
417 2383 688 2462 portare
724 2376 789 2441 in
836 2384 1044 2442 utero.
1504 2386 1726 2445 natum
1768 2378 1999 2445 videre
2044 2378 2384 2445 dominum.

144 2562 356 2633 Vates
402 2564 645 2648 antiqui
691 2564 1004 2649 temporis
1505 2566 1623 2634 Sio
1665 2567 1842 2651 magi
1885 2570 1969 2633 ab
2017 2576 2167 2634 ortu
2209 2568 2367 2633 sous
2672 2570 2759 2634 25

143 2667 594 2754 praedixerant
611 2716 629 2751 ‚
675 2667 853 2752 quod
880 2669 1121 2735 factum
1148 2675 1268 2753 est,
1319 2670 1400 2735 10
1502 2690 1629 2756 per
1671 2672 1902 2737 stellae
1945 2671 2246 2739 indicium
2266 2720 2286 2756 ‚

143 2774 300 2856 quia
342 2773 536 2856 virgo
582 2773 959 2857 conciperet
1504 2779 1843 2857 portantes
1886 2781 2114 2859 typum
2160 2773 2481 2858 gentium,

144 2883 212 2942 et
254 2884 526 2962 pareret
567 2874 966 2941 Emmanuel.
1502 2875 1694 2959 primi
1738 2876 2019 2941 offerunt
2061 2895 2346 2941 munera.

143 3063 533 3151 mysterium
578 3064 707 3131 hoo
749 3084 1051 3148 magnum
1094 3072 1224 3149 est,
1502 3063 1833 3146 Rogemus
1877 3082 2042 3146 ergo
2084 3064 2315 3149 populi

144 3166 383 3234 Mariae
428 3167 604 3252 quod
649 3186 1027 3234 conoessum
1070 3175 1208 3251 est,
1504 3167 1612 3233 dei
1645 3175 1918 3233 matrem
1961 3176 2029 3232 et
2070 3169 2410 3251 virginem,
2672 3168 2758 3237 30

145 3277 218 3336 ut
259 3271 485 3353 deum,
528 3289 651 3354 per
696 3286 883 3353 quem
927 3269 1168 3352 omnia,
1316 3269 1397 3331 15
1501 3278 1574 3337 ut
1616 3270 1762 3355 ipsa
1804 3271 1994 3336 uobis
2033 3269 2337 3353 impetret

146 3391 231 3439 ex
275 3393 353 3438 se
397 3372 652 3438 videret
692 3372 995 3457 prodere.
1500 3391 1734 3456 paoem
1779 3378 1846 3436 et
1887 3370 2371 3454 indulgentiam.

325 3556 422 3611 Hs.
462 3556 564 3611 der
599 3555 1117 3612 ambrosianisehen
1152 3555 1481 3612 Bibliothek
1515 3573 1587 3612 zu
1619 3554 1869 3613 Mailand
1915 3555 2000 3626 M,
2035 3557 2105 3610 25
2133 3554 2231 3610 des
2270 3556 2338 3608 15
2373 3552 2570 3611 Jahrh.
2627 3556 2757 3627 (A),

146 3641 355 3698 andere
389 3643 487 3700 Hs.
537 3643 793 3699 daselbst
826 3643 894 3712 N,
932 3644 1038 3699 283
1087 3643 1184 3699 des
1224 3646 1292 3699 15
1327 3645 1524 3701 Jahrh.
1555 3645 1707 3715 (Μ);
1761 3644 1900 3716 jene
1936 3644 2038 3700 mit
2072 3644 2199 3699 dem
2234 3643 2410 3699 Titel:
2458 3642 2521 3698 In
2557 3649 2759 3700 saneta

144 3724 357 3800 Maria,
403 3729 559 3786 dieze
593 3731 659 3785 In
695 3727 892 3787 officio
929 3729 1291 3787 visitationis.
1374 3733 1470 3789 Hs.
1505 3749 1577 3789 zu
1609 3732 1966 3790 Liehtenthal
2001 3730 2109 3801 (L)
2157 3730 2258 3785 des
2295 3731 2367 3785 14
2397 3728 2593 3787 Jahrb.
2636 3730 2756 3789 und.

147 3830 214 3870 zu
246 3818 598 3889 Karlsruhe,
637 3835 687 3875 0.
722 3819 791 3875 Ν.
841 3821 911 3874 14-
942 3820 1138 3876 Jahrh.
1173 3820 1259 3876 Bl.
1297 3821 1344 3876 9.
1381 3820 1492 3890 (G)
1527 3820 1642 3877 und
1677 3819 1769 3875 bei
1802 3818 2005 3876 Daniel
2042 3821 2090 3887 1,
2127 3819 2199 3872 79
2234 3815 2365 3896 (D).

325 3941 363 3995 4
386 3935 560 3994 filium
577 3939 638 4008 G,
674 3936 819 3996 finio
846 3942 916 4011 A,
950 3941 1066 3997 alte
1085 3941 1456 4014 Sohreibnng.
1528 3942 1563 3995 5
1600 3940 1754 3996 solla
1785 3941 1853 3995 A.
1926 3943 1963 3993 7
1999 3944 2058 3995 et
2073 3938 2227 3996 cm..
2298 3939 2333 3994 8
2361 3941 2614 3993 sanetum
2630 3937 2755 3995 AM.

149 4023 218 4076 10
249 4025 602 4096 praedixerat
635 4025 707 4082 M.
781 4028 850 4081 16
885 4027 1080 4083 videro
1114 4028 1387 4099 proderet
1419 4029 1485 4084 Α.
1563 4029 1633 4084 19
1667 4027 1833 4083 nobis
1869 4023 2016 4082 fehlt
2048 4026 2169 4083 ΑΜ.
2250 4027 2324 4081 20
2358 4026 2618 4082 Christus
2651 4040 2760 4097 per

149 4109 363 4198 Amul..
432 4116 504 4169 22
539 4112 764 4169 domino
800 4114 876 4184 D,
926 4120 1298 4172 cantaverunt
1329 4116 1452 4186 AL,
1505 4115 1781 4188 riehtiger
1817 4116 1976 4171 ware
2013 4117 2315 4169 cantarunt
2348 4113 2594 4185 gloriam
2628 4113 2755 4171 deo.

332 4233 448 4289 Der
482 4233 925 4304 gesehiehtliehe
958 4234 1188 4308 Anfang
1234 4235 1336 4290 der
1369 4232 1766 4291 Kirchenfeste
1814 4235 1965 4292 wird
1999 4235 2176 4291 durch
2211 4235 2302 4290 die
2330 4233 2619 4307 jahrliehe
2651 4233 2756 4289 Er-

155 4330 445 4392 neuerung
492 4336 593 4375 zur
646 4320 1020 4393 Gegenwart5
1083 4323 1170 4379 als
1224 4322 1664 4395 geschichtliehe
1717 4323 2295 4397 Abgesehlossenheit
2348 4320 2474 4377 sind
2533 4320 2619 4376 sie
2678 4318 2754 4375 da

156 4417 417 4473 gewesen
452 4407 562 4462 und
596 4408 1168 4481 voriibergegangen,
1203 4409 1291 4465 als
1326 4406 1738 4466 fortwirkende
1767 4411 2177 4468 Gnadenmittel
2212 4408 2337 4465 sind
2371 4407 2457 4462 sie
2492 4423 2565 4462 an
2591 4405 2756 4463 ihren

154 4486 456 4567 Festtagen
489 4495 921 4567 gegenwiirtig,
958 4495 1135 4549 daher
1169 4498 1314 4550 auch
1349 4496 1407 4551 in
1442 4496 1550 4552 den
1586 4496 1851 4567 Gebeten,
1891 4497 2130 4553 Liedern
2166 4495 2280 4551 und
2314 4493 2624 4566 Predigten
2658 4494 2752 4550 ihr

158 4581 623 4645 geschichtlieher
658 4581 843 4638 Inhalt
889 4581 1053 4637 meist
1085 4581 1162 4636 im
1195 4582 1438 4639 Prasens
1476 4583 1811 4656 angegeben
1845 4583 1992 4638 wird
2007 4624 2021 4653 ‚
2084 4582 2358 4639 woriiber
2392 4582 2658 4639 Ber-nard.
2695 4581 2755 4636 in

155 4663 267 4737 vig.
314 4674 428 4726 nat.
476 4680 639 4725 serm.
689 4671 741 4741 6,
776 4672 811 4725 3
860 4684 1007 4742 ganz
1054 4674 1159 4743 gut
1205 4674 1363 4744 sagt:
1438 4671 1568 4743 quid
1613 4669 1843 4742 mirum,
1906 4670 1957 4727 si
2007 4686 2183 4743 usqne
2231 4670 2404 4729 hodie
2454 4669 2660 4728 dicitur
2695 4667 2755 4726 in

304 4788 478 4845 Mene,
508 4790 677 4842 latein.
710 4791 958 4851 Hymen.
1006 4788 1070 4838 11.
2275 4768 2314 4831 1
