3167 5242
720 423 833 490 ΠΕ
876 444 999 509 per
1043 424 1309 490 chorum
1353 422 1504 490 hino
1547 432 1625 489 et‘
1658 421 1809 516 inde
1856 416 2352 506 collaudamus²
2393 423 2699 509 Mariam,

726 535 798 594 ut
839 545 972 593 vox
1015 529 1234 615 pulset
1255 525 1283 568 ³
1328 546 1578 593 omnem
1624 545 1845 591 aurem
1890 547 2011 611 per
2048 524 2313 593 laudem
2355 528 2680 594 vicariam.

723 701 937 768 Maria
981 701 1064 766 de
1107 703 1286 770 tribu
1324 700 1530 785 Juda,
1576 704 1803 768 summi
1824 699 1854 741 ⁴
1896 710 2103 768 mater
2148 701 2419 787 domini,
3015 707 3058 770 5

723 813 1152 891 opportunam
1196 804 1377 870 dedit
1421 824 1646 871 curam
1689 807 2036 890 aegrotanti
2080 805 2337 872 homini.

729 975 994 1044 Gabriel
1038 978 1303 1045 advexit
1344 981 1616 1043 verbum
1660 979 1803 1044 sinu
1846 979 2052 1064 patris
2094 989 2372 1065 paterno
2396 977 2454 1064 ⁵,

723 1081 900 1167 quod
945 1091 1328 1182 conceptum
1371 1090 1438 1147 et
1481 1089 1853 1165 susceptum
1898 1083 1963 1147 in
2010 1090 2194 1148 utero
2238 1093 2547 1149 materno,

723 1256 884 1321 Haec
928 1263 1030 1321 est
1073 1274 1352 1338 summa,
1397 1255 1545 1320 haec
1589 1265 1691 1322 est
1735 1265 1961 1354 sancta
2002 1257 2195 1340 virgo
2239 1253 2666 1342 venerabilis,

724 1380 871 1443 quae
915 1380 957 1424 a
999 1357 1129 1424 fide
1149 1355 1177 1396 ⁶
1220 1378 1350 1424 non
1394 1361 1689 1438 recessit,
1736 1359 1856 1424 sed
1898 1361 2162 1426 exstetit
2206 1361 2471 1426 stabilis.
2962 1364 3045 1428 10

722 1534 888 1600 Huic
930 1536 1119 1599 matri
1148 1532 1173 1574 ⁷
1215 1554 1338 1600 nec
1383 1534 1647 1610 inventa
1676 1529 1703 1572 ⁸
1748 1541 1899 1597 ante
1942 1551 2067 1597 nec
2108 1540 2261 1617 post
2305 1533 2560 1616 similis,

722 1659 847 1705 nec
890 1638 972 1704 de
1015 1638 1202 1725 prole
1228 1635 1256 1677 ⁹
1300 1638 1417 1704 fuit
1460 1639 1656 1723 plane
1684 1632 1743 1675 ¹⁰
1788 1637 2085 1702 humanae
2123 1638 2408 1721 originis.

718 1814 849 1879 Per
893 1814 1222 1879 mulierem
1273 1797 1630 1896 etlignum
1672 1811 1946 1878 mundus
1988 1813 2168 1897 prius
2211 1813 2438 1897 periit,

719 1939 843 2004 per
883 1918 1166 1983 mulieris
1214 1918 1515 1982 virtutem
1560 1916 1646 1981 ad
1689 1918 1960 1982 salutem
1996 1915 2204 1982 rediit.

721 2091 944 2157 Maria.
977 2097 1182 2155 mater
1227 2088 1521 2154 miranda
1565 2097 1818 2174 patrem
1863 2108 2043 2155 suum
2090 2089 2326 2175 edidit,
2957 2096 3039 2158 15

716 2216 841 2282 per
885 2214 1073 2278 quem
1117 2193 1286 2278 aqua
1324 2193 1458 2259 lata
1493 2194 1667 2259 lotus
1687 2189 1745 2233 ¹¹
1789 2185 1962 2293 totus
2006 2194 2282 2260 mundus
2329 2193 2619 2261 credidit.

717 2367 880 2435 Haec
900 2365 960 2409 ¹²
1002 2369 1300 2452 concepit
1339 2367 1785 2452 margaritam,
1831 2385 1960 2433 non
2007 2375 2155 2433 sunt
2196 2388 2370 2433 vana
2414 2368 2698 2452 somnia,

716 2494 839 2558 per
881 2492 1073 2557 quam
1117 2472 1259 2537 sani
1302 2471 1635 2540 christiani
1680 2471 1969 2538 vendunt
2012 2490 2129 2538 sua
2176 2474 2405 2538 omnia.

719 2646 1025 2713 'tonicam
1050 2641 1110 2686 ¹³
1150 2665 1271 2730 per
1315 2652 1517 2709 totum
1542 2641 1604 2684 ¹⁴
1647 2652 1890 2709 textam
1936 2643 2197 2711 Christo
2220 2642 2278 2685 ¹⁵
2324 2653 2530 2711 mater
2566 2645 2848 2732 fecerat,

721 2769 869 2833 quae
911 2756 1183 2833 peracta
1227 2746 1468 2811 Christi
1513 2753 1721 2813 morte
1764 2757 1943 2814 sorte
1987 2750 2201 2816 statim
2245 2758 2533 2816 steterat.
2945 2753 3033 2817 20

719 2921 1066 2990 Induamus
1110 2941 1291 2986 arma
1333 2921 1495 2987 lucis
1539 2921 1807 2988 luricam
1855 2929 1923 2987 et
1956 2922 2213 3004 galeam
2243 2917 2330 3006 ¹⁶,

724 3034 797 3092 ut
844 3026 1038 3090 simus
1082 3022 1208 3090 deo
1256 3024 1534 3109 perfecti
1579 3024 1865 3109 suscepti
1905 3044 2030 3110 per
2071 3025 2365 3090 Mariam.

721 3217 964 3304 Amen,
1011 3239 1229 3303 amen,
1277 3217 1621 3285 adoramus
1646 3216 1706 3259 ¹⁷
1746 3218 1979 3282 merita
2021 3236 2399 3302 puerperae,
2540 3303 2547 3310 .

721 3335 792 3392 ut
837 3343 963 3391 non
1009 3324 1221 3411 possit
1261 3323 1516 3389 flamma
1558 3313 1748 3409 pyrae
1792 3340 1914 3388 nos
1961 3320 2122 3387 dirae
2141 3316 2200 3362 ¹⁸
2246 3319 2623 3408 decerpere.

720 3512 959 3579 Christi
1005 3533 1237 3579 nomen
1279 3514 1654 3580 invocamus
1700 3514 1948 3597 angelis
1995 3517 2114 3582 suh
2159 3517 2461 3599 testibus,
2951 3523 3041 3586 25

720 3626 792 3684 ut
835 3617 1121 3683 fruamur
1167 3625 1234 3683 et
1278 3619 1640 3683 scribamur
1681 3615 1913 3685 litteris
1959 3620 2351 3686 coelestibus.

724 3805 1021 3890 [Sanctae
1061 3805 1291 3872 Mariae
1335 3759 1631 3873 meritum
1673 3808 2086 3892 imploramus
2130 3808 2602 3894 dignissimum,

717 3920 790 3977 ut
829 3930 1191 3977 mereamur
1234 3911 1464 3976 solium
1501 3911 1808 3977 habitare
1836 3907 1894 3952 ¹⁹
1938 3911 2375 3996 altissimum]

577 4113 673 4169 Hs.
709 4131 780 4169 zu
818 4113 1015 4183 Basel,
1062 4115 1128 4170 A.
1164 4115 1274 4170 Vll.
1312 4117 1363 4171 3.
1411 4129 1515 4170 aus
1554 4111 1677 4171 dem
1714 4116 1748 4171 8
1767 4116 2010 4192 Jahrb„
2071 4130 2186 4171 von
2220 4114 2376 4170 einer
2415 4114 2659 4170 irischen
2696 4113 2873 4172 Hand
2922 4135 3033 4192 ge-

400 4202 694 4261 schrieben
733 4203 847 4272 (Β)
895 4203 1006 4258 und
1041 4202 1424 4259 Reiehenauer
1459 4205 1555 4259 Hs.
1595 4222 1664 4260 zu
1705 4204 2023 4260 Karlsruhe
2060 4204 2173 4277 (K)
2210 4218 2313 4259 aus
2350 4202 2474 4258 dem
2509 4204 2544 4259 9
2578 4204 2814 4274 salam,
2872 4208 3023 4262 auch

398 4307 514 4350 von
548 4290 789 4347 irischer
826 4289 1017 4362 Hand,
1066 4290 1175 4346 No.
1211 4292 1295 4345 95.
1332 4289 1534 4347 letztes
1569 4291 1756 4360 matt,
1819 4288 2012 4347 ferner
2048 4291 2138 4347 die
2172 4291 2558 4347 Reichenauer
2593 4291 2692 4348 Es.
2738 4291 2856 4349 No.
2891 4296 3020 4349 221.

396 4395 471 4435 zu
505 4377 819 4435 Karlsrnhe
856 4377 969 4447 (R)
1019 4392 1122 4432 aus
1160 4376 1284 4432 dem
1320 4378 1354 4433 8
1389 4378 1618 4449 Jahrb„
1680 4394 1795 4433 von
1831 4376 2185 4434 frankischer
2222 4379 2399 4435 Hand.
2468 4380 2532 4435 ln
2565 4379 2754 4435 dieser
2791 4381 2879 4438 ist
2914 4382 3023 4438 dn

397 4464 535 4521 Lied
587 4463 1057 4521 iiberschrieben:
1115 4464 1330 4519 himnus
1372 4471 1584 4521 sanctoe
1620 4464 1831 4539 Mariua
1916 4465 2018 4521 Die
2071 4464 2434 4540 Schriftziige
2496 4467 2622 4523 sind
2672 4466 3025 4526 Urkundeu·

397 4548 617 4606 schrift·
688 4553 793 4607 Am
826 4550 978 4606 Ende
1016 4550 1114 4605 des
1149 4549 1348 4606 Liedes
1385 4551 1509 4607 sind
1541 4551 1602 4606 in
1639 4550 1825 4607 dieser
1859 4552 1954 4608 Hs.
1993 4552 2084 4609 die
2118 4552 2567 4627 Anfangsworto
2602 4554 2923 4615 Cantemus
2958 4557 3019 4612 in

394 4636 552 4695 omni
588 4636 678 4694 die
712 4637 1068 4712 wiederholt,
1104 4656 1229 4698 was
1265 4641 1367 4698 der
1400 4641 1644 4698 irischen
1678 4641 2014 4704 Dichtknnst
2045 4643 2214 4717 eigen
2244 4644 2338 4702 ist.
