3167 5242
203 509 333 560 ave
376 488 569 573 virgo
611 505 886 573 parens,

204 592 380 661 omni
421 608 616 658 naevo
659 609 895 659 oureus
911 637 931 673 ,

201 696 392 782 euius
434 695 617 762 inflet
660 701 885 762 arens·

290 800 676 886 gehennalis
722 800 925 868 Mars.

207 965 516 1035 Gabriolis
558 982 669 1033 oro

201 1069 394 1139 audis
437 1088 580 1135 cum
625 1077 907 1135 tremore
922 1114 941 1151 ‚

204 1179 477 1239 matrem
522 1167 763 1235 Christi
801 1170 951 1235 fore

291 1284 392 1361 te,
435 1272 609 1358 quod
651 1273 843 1341 datur
886 1281 1073 1358 tun03

207 1391 327 1445 ore
372 1375 717 1444 benedicto

165 1559 174 1565 ⁴
205 1482 431 1548 solvas
476 1501 518 1546 a
562 1478 803 1545 delicto

204 1601 329 1652 nos
346 1632 365 1669 ,
408 1583 691 1650 reddens
735 1584 980 1650 invicto

291 1688 439 1771 regi
481 1706 711 1771 regum
754 1705 941 1753 nuno.

206 1809 325 1859 ore
378 1790 703 1857 Gabrielis

205 1894 488 1964 eredens
535 1903 607 1961 tu
648 1894 865 1960 fidelis

206 1998 413 2067 filium
457 1998 543 2064 de
589 1998 771 2065 ooelis

294 2125 382 2171 ex
426 2103 557 2171 hoo
598 2102 815 2187 gignis
856 2100 1047 2168 huno.

210 2267 435 2337 Funda
468 2286 588 2335 nos
630 2271 700 2335 in
738 2285 931 2351 pace,

209 2390 334 2440 neo
375 2389 501 2457 pro
543 2370 731 2438 nobis
773 2378 954 2456 tuoe,

208 2471 329 2539 ned
371 2492 650 2541 aceensa
691 2473 841 2540 faoe

294 2583 489 2660 roget
530 2583 645 2643 tua
684 2593 887 2643 mens.

210 2696 332 2748 nos
375 2677 535 2762 due,
580 2678 814 2766 duleis,
856 2677 967 2747 dia
984 2726 1005 2765 ,

208 2778 324 2848 ubi
365 2787 577 2846 teoum
618 2781 732 2865 pia

205 2884 276 2951 in
319 2903 527 2950 aevum
540 2934 559 2970 ,
600 2884 844 2968 Maria,

295 2985 545 3071 gaudet
586 2993 700 3051 tua
742 3003 928 3069 gens.

207 3086 277 3154 in
317 3108 485 3174 paee
530 3108 675 3156 eum
717 3107 883 3172 rege

205 3192 459 3277 gaudes
505 3210 682 3258 nova
725 3194 877 3277 lege
890 3239 915 3277 ,

205 3303 314 3363 sta
355 3314 480 3382 pro
524 3305 636 3364 tuo
682 3317 923 3383 grege,

292 3400 389 3468 sio
431 3409 499 3467 te
541 3419 708 3486 rogo
751 3401 935 3469 flens.

201 3563 465 3634 Mutuus
507 3585 735 3635 nomen
776 3567 948 3650 Evoe,

200 3668 435 3736 eonfer
479 3687 641 3735 onus
687 3669 868 3754 leve,

198 3789 292 3836 ne
336 3771 548 3858 oulpae
591 3773 927 3857 primaevae

291 3893 413 3941 nos
459 3885 831 3962 corrumpat
871 3877 980 3944 fel.

197 3995 438 4045 nomen
481 3997 844 4046 amorosum

200 4080 409 4149 habes
454 4091 522 4149 et
563 4083 877 4149 famosum
890 4132 910 4166 ‚

200 4184 496 4270 spiritum
539 4185 866 4270 favosum‚

292 4296 363 4357 tu
407 4290 681 4357 ooeleste
715 4289 864 4357 mel.

201 4387 371 4461 Evae
412 4392 695 4458 transfer
737 4392 959 4483 fletum

204 4491 275 4560 in
318 4495 590 4562 arrisum
634 4495 851 4562 laetum
871 4544 891 4582 ,

201 4596 301 4664 sie
338 4593 649 4666 intremus
694 4608 927 4668 eoetum
940 4647 962 4686 ,

293 4703 403 4772 uhi
443 4710 662 4773 manet
705 4705 785 4773 el.

1374 795 1459 863 60

1376 1373 1460 1437 65

1375 1894 1462 1958 70

1372 2472 1457 2536 ⁷5

1370 2985 1457 3053 80

1371 3565 1456 3633 85

1376 4599 1458 4666 95

1560 482 1745 551 Solve
1786 478 1997 547 mela
2039 481 2199 558 reis,

1559 602 1792 672 paoem
1836 582 2086 648 donans
2130 582 2228 649 eis

1561 697 1634 780 esp
1676 708 1719 754 a
1763 686 1971 772 culpis
2015 686 2177 752 meis
2192 733 2210 768 ,

1645 791 1869 875 virgo,
1910 787 2148 855 munda
2190 803 2334 871 m03
2477 795 2480 798 ’

1560 895 1780 961 vinela
1820 899 2273 979 peecatorum,
2393 983 2398 994 1

1560 1017 1770 1066 nexus
1813 998 2196 1065 delictorum

1561 1119 1789 1184 rumpe
1804 1147 1823 1183 ‚
1865 1119 1950 1165 ne
1996 1099 2309 1164 malorum

1650 1220 1771 1266 nos
1814 1201 2108 1266 involvat
2149 1217 2293 1266 vae:

1562 1306 1696 1370 reis
1740 1322 1922 1389 spem
1965 1304 2195 1372 salutis

1563 1415 1632 1473 et
1675 1425 1868 1492 opem
1911 1408 2170 1473 virtutis

1563 1512 1791 1578 oonfer
1832 1511 2156 1578 destitutis
2171 1560 2194 1597 ,

1651 1620 2067 1684 obsecramus
2114 1625 2200 1688 te.
2269 1603 2276 1612 ’
2407 1697 2413 1706 Ι

1566 1782 1789 1869 Profer
1830 1783 2036 1850 lumen
2078 1787 2288 1865 coecis,

1562 1889 1855 1952 umbram
1896 1887 2056 1971 fuga
2098 1888 2309 1973 neeis,

1562 2007 1745 2055 sume
1758 2036 1776 2073 ,
1820 1989 2011 2073 virgo
2027 2038 2046 2074 ,
2089 1992 2310 2075 precis

1654 2093 2038 2160 devotorum
2081 2093 2257 2160 thus:

1561 2195 1779 2262 lumen
1822 2194 2114 2279 spiritale
2129 2242 2151 2278 ‚

1562 2297 2060 2383 supernaturale

1561 2404 1789 2487 praebe
1801 2449 1820 2486 ,
1859 2419 1945 2466 ne
1978 2398 2221 2466 lethale

1648 2523 1772 2571 nos
1815 2511 2187 2589 oorrumpat
2228 2521 2368 2592 pus.

1565 2608 1760 2674 eaeeis
1804 2615 1874 2673 et
1916 2608 2163 2674 orbatis

1563 2713 1710 2778 visu
1750 2711 2049 2777 veritatis

1561 2812 1768 2880 redde
1813 2832 1959 2880 oum
2003 2815 2214 2881 beatis

1649 2936 1831 2984 verae
1875 2917 2038 2982 lueis
2071 2918 2203 3004 jus.
2270 2938 2277 2944 ·

1561 3080 1741 3149 Mala
1780 3088 2002 3151 nostra
2037 3082 2202 3167 pelle
2215 3132 2233 3164 ‚

1558 3203 1764 3271 posce
1806 3202 2004 3251 nosse
2046 3186 2254 3272 velle,

1561 3310 1607 3357 a
1647 3292 1906 3375 peceati
1947 3291 2104 3357 felle

1651 3410 1846 3459 serva
1888 3390 2131 3458 Christi
2171 3393 2291 3461 lar.

1559 3505 1789 3564 nostra
1829 3498 2255 3582 gubernatrix

1562 3603 1653 3667 sis
1697 3610 1766 3668 et
1809 3601 2238 3688 defensatrix,

1562 3705 1708 3772 eoeli
1753 3704 2171 3792 dominatrix,

1649 3815 1753 3881 oui
1796 3834 1986 3882 nemo
2028 3835 2172 3901 par.

1557 3918 1734 4004 pelle
1776 3919 2177 4005 voluptatem

1558 4029 1628 4089 et
1668 4021 2070 4108 inanitatem,

1557 4144 1782 4191 veram
1817 4127 2181 4194 ubertatem
2263 4159 2270 4167 ·

1646 4228 1734 4294 da
1777 4230 2043 4313 ooeleste
2088 4231 2210 4298 far.

1557 4394 1740 4461 Bona
1785 4401 2010 4462 cuncta
2047 4412 2239 4478 posce

1557 4496 1747 4563 nobis
1791 4505 1859 4563 et
1899 4498 2169 4582 ignosce

1557 4617 1808 4683 nosque
1850 4618 2253 4686 recognosce

1648 4720 1794 4769 eum
1836 4721 1960 4790 pro
2003 4704 2129 4773 tuis
2173 4703 2344 4788 stas}

2683 275 2812 355 221

2561 771 2811 858 '100

2688 1309 2814 1375 105

2686 1889 2813 1955 110

2686 2400 2813 2466 115

2685 2921 2812 2987 120

2684 3499 2812 3565 125

2684 4018 2808 4084 130
2887 4003 2892 4012 '

2681 4597 2807 4662 13⁵
