3167 5242
3164 351 3167 424 π

406 453 470 512 π’»
525 451 723 518 σκότος
775 453 837 511 τὸ
894 452 1233 527 ἀτελεύτητον
1285 454 1363 510 'nl
1415 453 1767 527 &genuus
1830 469 1955 509 zum
2012 453 2240 526 evigen
2288 452 2486 511 Liehte
2548 454 2653 511 dor
2711 451 3065 530 Seligkoit.

408 542 467 599 S.
507 542 610 598 No.
646 544 769 611 337,
805 544 855 597 5.
922 542 997 597 lis
1010 584 1026 613 ,
1062 543 1158 614 qui
1192 541 1524 614 sapientiam
1558 545 1846 613 quarn-t,
1883 539 2211 612 (diabolus)
2257 541 2679 613 philosophiam
2711 543 2773 599 in
2812 545 3059 602 ocules
3164 549 3167 616 1

407 629 689 701 impingit,
743 629 822 684 uti
869 629 1058 700 specie
1098 627 1243 684 lucis
1278 633 1556 698 excaecet,
1608 644 1680 684 ne
1718 628 1845 699 quis
1878 627 2320 701 comprehendat
2358 644 2425 684 ac
2460 633 2655 686 teneat
2688 629 3053 689 veritatem.
3166 683 3167 692 ,

408 719 637 774 mamae.
673 717 782 773 «nv.
818 718 945 773 inst„
980 718 1033 787 6,
1067 720 1120 774 4.

1278 999 1453 1077 541.
1514 1002 1633 1074 De
1681 1027 1737 1074 s.
1788 1001 2046 1076 Maria.
2178 936 2187 946 ·

407 1201 560 1270 Ave
601 1204 1040 1270 sacratissima

494 1307 687 1390 virgo
731 1307 1108 1391 fecundata,

407 1416 614 1475 mater
656 1417 725 1475 tu
768 1410 1201 1493 sanctissima,

495 1534 740 1582 summo
786 1516 912 1581 deo
956 1524 1180 1600 grata3

408 1620 563 1687 mihi
606 1622 697 1687 sis
731 1623 1045 1708 propitia,

495 1724 702 1792 dulcis
747 1725 1099 1809 advocata,

404 1846 489 1893 ne
534 1846 679 1894 mea
721 1829 805 1893 sit
847 1829 1058 1895 anima

496 1950 536 1996 a
580 1939 645 1997 te
691 1940 1016 2017 separata.

404 2118 649 2187 Invoco
693 2119 1074 2204 suppliciter

489 2231 663 2289 tuam
706 2224 1111 2309 majestatem
1125 2271 1145 2310 ,

406 2334 480 2392 ut
522 2334 592 2392 tu
609 2375 627 2411 ,
665 2347 813 2410 quae
858 2328 1136 2394 feliciter

494 2430 736 2498 Christi
781 2432 1162 2517 dignitatem

403 2535 737 2618 peperisti,
782 2535 1055 2602 dulciter

490 2655 763 2702 servans
809 2640 1200 2724 castitatem,

405 2758 682 2806 excuses
727 2740 1073 2806 salubriter

490 2863 702 2908 meam
747 2843 1119 2910 foeditatem.

404 3031 628 3118 Rege,
674 3042 911 3118 mater,
959 3035 1169 3101 carius

488 3157 613 3221 per
658 3135 786 3203 hoc
831 3148 1336 3225 sacramentum,

403 3243 473 3307 in
519 3260 646 3326 quo
692 3242 798 3308 dei
841 3243 1010 3310 filius

489 3345 705 3410 carnis
749 3349 1202 3413 vestimentum

403 3466 489 3511 ex
533 3455 600 3512 te
642 3451 945 3532 sumpsit,
988 3453 1209 3515 verius

488 3553 792 3632 praebens
838 3550 1334 3636 salvamentum,

402 3673 505 3719 me
540 3653 742 3738 juves
785 3656 1110 3724 salubrius

490 3755 652 3822 dans
696 3758 1244 3826 medicamentum.

403 3942 608 4009 Grato
650 3965 926 4028 namque
974 3955 1264 4034 tempore

488 4048 605 4112 tibi
648 4051 988 4117 nunciatur
1005 4100 1023 4135 ‚

404 4147 643 4214 dudum
688 4151 815 4216 hoc
855 4153 921 4217 in
964 4155 1213 4221 vellere

487 4254 665 4320 clare
710 4254 1059 4342 figuratur,

402 4376 548 4424 cum
591 4360 658 4424 in
702 4368 812 4426 tuo
860 4380 1142 4445 corpore

488 4460 649 4526 deus
691 4464 1098 4548 incarnatur,

403 4563 590 4626 nobis
633 4571 745 4628 tuo
785 4584 1049 4630 munere

486 4664 663 4729 salus
705 4667 1094 4734 infundatur.

1571 2226 1654 2292 10

1574 2744 1654 2807 15

1566 3352 1652 3417 20

1561 3955 1648 4019 25

1560 4467 1647 4532 30

1758 1207 1813 1275 0
1855 1210 2165 1277 immensa
2209 1212 2507 1297 claritas,

1843 1333 1990 1400 quae
2034 1323 2101 1380 te
2142 1315 2514 1400 renovavit,

1757 1420 1976 1504 angeli
2021 1420 2169 1487 dum
2211 1422 2464 1506 puritas

1843 1522 1930 1587 ad
1974 1530 2041 1586 te
2085 1522 2378 1588 evolavit

1759 1631 1825 1691 et
1868 1623 2013 1709 ejus
2058 1631 2125 1690 te
2169 1625 2410 1691 caritas

1840 1746 2051 1812 prona
2096 1728 2436 1813 salutavit,

1756 1837 1912 1896 tunc
1954 1847 2238 1915 superna
2281 1830 2491 1895 deitas

1842 1949 1995 1997 mox
2039 1941 2104 1999 te
2147 1933 2541 2000 fecundavit.

1756 2119 1971 2186 Mater
2016 2117 2181 2206 ergo'
2221 2122 2458 2188 nobilis
2476 2170 2498 2207 ,

1845 2223 1931 2289 ad
1974 2231 2040 2288 te
2085 2222 2491 2290 confidenter

1758 2347 1951 2395 curro
1996 2327 2275 2412 supplex
2316 2327 2571 2394 humilis
2588 2378 2606 2413 ,

1841 2450 2089 2516 rogans
2132 2433 2537 2498 incessanter
2558 2480 2579 2517 ,

1756 2542 1830 2601 ut
1877 2535 1968 2598 sis
2011 2533 2394 2600 favorabilis

1843 2638 1998 2702 mihi
2038 2646 2512 2722 praepotenter,

1755 2760 1859 2806 me
1906 2739 1988 2804 de
2033 2740 2222 2804 foedis
2265 2741 2534 2806 maculis

1846 2864 2042 2910 sanes
2085 2845 2442 2910 evidenter.

1759 3032 1937 3102 Ante
1970 3036 2219 3123 justum
2253 3035 2543 3121 judicem

1845 3140 2120 3205 formido
2165 3159 2436 3224 parere,

1759 3246 1909 3330 quia
1953 3264 2055 3308 me
2102 3243 2490 3328 culpabilem

1843 3367 2026 3412 reum
2069 3363 2273 3413 nosco
2316 3365 2510 3428 vei-03

1756 3448 1877 3514 sed
1920 3449 2070 3532 quia
2111 3447 2502 3532 placabilem

1842 3559 1908 3617 te
1954 3551 2092 3617 scio
2135 3549 2373 3616 florere
2393 3598 2411 3633 ‚

1755 3656 1841 3721 ad
1886 3662 1951 3720 te
1995 3663 2127 3720 tam
2170 3654 2512 3721 amabilem

1839 3779 2050 3846 pergo
2090 3781 2197 3826 me
2240 3759 2560 3844 proferre.

1752 3946 1957 4016 Recte
2000 3954 2207 4014 mater
2249 3946 2452 4013 fllium

1838 4060 2013 4117 amat
2055 4072 2094 4118 a
2137 4059 2370 4117 natura
2387 4100 2404 4135 ,

1751 4154 1906 4220 licet
1949 4153 2215 4238 foedum,
2262 4153 2552 4239 devium,

1837 4276 2111 4343 pronum
2156 4257 2225 4324 in
2258 4256 2553 4340 jactura,

1751 4362 1881 4427 fert
1923 4370 2136 4427 tamen
2180 4360 2557 4445 praesidium

1836 4465 1933 4531 illi
1976 4465 2221 4531 summa
2265 4463 2425 4531 cura
2436 4511 2458 4548 ,

1752 4569 1841 4636 ad
1883 4570 2029 4655 ejus
2072 4570 2377 4636 auxilium

1839 4673 2030 4740 adest
2061 4674 2391 4759 juvatura.

3164 741 3167 814 1

2937 1425 3033 1489 35

2927 3655 3015 3719 55
