3167 5242
395 258 493 343 Φῆ

574 448 672 504 Hs.
707 464 777 503 zu
811 447 1114 515 munchen,
1164 445 1300 503 cun.
1336 445 1497 502 5539.
1549 444 1593 501 1.
1629 448 1750 500 171.
1801 445 1902 500 des
1958 446 2026 501 15
2051 442 2254 505 Jahrb.
2305 445 2405 502 mit
2438 445 2814 503 Musiknoten.
2887 446 3029 504 Von

395 537 581 593 einem
614 531 1040 591 franzosischen
1075 533 1322 588 Diehter.
1394 533 1496 587 Die
1533 532 1736 588 zweite
1773 528 1965 588 Halfte
1995 530 2166 604 jeder
2202 531 2451 604 Strophe
2488 528 2661 607 fangt
2693 534 2796 591 mit
2832 535 3032 591 einen

401 639 645 697 grossen
695 621 1048 677 Buchstaben
1098 636 1169 675 an
1216 636 1321 675 zur
1369 621 1795 692 Abwechslung
1840 620 1943 676 der
1992 618 2203 690 Chore,
2268 620 2357 675 ein
2405 621 2658 691 Beweis,
2721 623 2855 678 dass
2914 622 3028 678 der

395 712 646 784 Hymnus
682 708 779 766 ffir
813 709 937 765 eine
976 706 1170 766 Stifts-
1205 706 1345 764 oder
1380 707 1811 765 Klosterkirube
1845 707 2132 764 bestimmt
2161 723 2304 763 war.

576 815 648 869 50
680 830 935 886 messya,
986 813 1083 870 Hs.
1136 813 1210 868 Es
1247 811 1397 869 wird
1430 811 1743 868 manchmal
1778 830 1817 884 y
1845 804 1994 869 'statt
2028 811 2047 866 i
2086 812 2452 885 geschrieben
2470 852 2485 882 ,
2547 828 2714 867 wenn
2750 811 2852 867 der
2891 811 3026 868 Ton

401 897 614 963 &aas
640 901 799 974 liegt,
837 918 905 956 so
942 898 1267 973 gewonlich
1303 899 1484 970 Syon,
1518 899 1735 971 Symon
1771 904 1876 954 etc.

573 1006 638 1061 V.
675 1008 727 1061 3.
788 1005 969 1073 venit,
1008 1003 1159 1060 wird
1202 1019 1315 1059 von
1364 1004 1468 1060 der
1501 1004 1918 1059 menschlicheu
1954 1002 2211 1061 Ankunft
2243 1001 2458 1059 Christi
2492 1002 2825 1075 gebraucht-
2886 1005 3028 1065 Non

401 1093 574 1162 venit,
611 1093 708 1165 qui
745 1093 962 1160 aberat,
998 1091 1103 1149 sed
1136 1090 1421 1163 apparuit,
1454 1091 1551 1163 qui
1587 1090 1819 1147 latebat.
1874 1091 1933 1148 S.
1969 1093 2236 1149 Bernardi
2268 1107 2433 1146 serm.
2466 1092 2518 1159 3,
2558 1093 2606 1147 1.

504 1224 507 1229 .
575 1182 642 1236 V.
680 1183 793 1235 5-
813 1180 896 1234 10.
950 1177 1062 1233 Per
1112 1178 1411 1234 secundum
1460 1178 1641 1233 Adam
1688 1178 1960 1234 liberatus
2017 1183 2108 1234 est
2158 1178 2371 1250 primus
2423 1178 2618 1236 Adam.
2691 1178 2913 1236 Hieron.
2959 1181 3024 1237 in

398 1268 932 1411 matth⁰V.181’32-};-·16.
998 1354 1188 1412 Ueber
1222 1354 1310 1409 die
1345 1351 1725 1410 wunderbare
1761 1352 1976 1410 Geburt
2010 1353 2225 1411 Christi
2258 1359 2392 1427 sagt
2430 1354 2534 1409 das
2573 1354 2836 1410 Triodium
2869 1354 2950 1425 X,
2983 1357 3022 1412 4

400 1458 550 1517 ganz
585 1442 877 1517 geeignet:

611 1527 745 1593 Πῶς
773 1525 848 1592 ὥς
890 1526 1065 1605 μήτηρ
1099 1533 1311 1595 τόποις,
1980 1526 2088 1585 ὅσα
2124 1527 2233 1605 γὰρ
2269 1526 2552 1602 βούλεται,
2586 1535 2798 1597 noctu*

623 1620 715 1672 καὶ
749 1619 1037 1695 παρθένος
1072 1619 1314 1697 &petram
1968 1610 2003 1689 ἦ
2043 1614 2286 1679 θεόπαις
2319 1614 2442 1691 βοᾷ.

614 1703 723 1776 ,μὴ
761 1702 906 1775 ζήτει
936 1725 1035 1776 μοι
1072 1702 1165 1759 τὸν
1198 1698 1432 1780 τρόπον,

574 1792 645 1847 V.
683 1794 764 1846 19.
812 1790 1115 1846 humilium.
1170 1790 1230 1847 S.
1270 1790 1376 1845 No.
1412 1790 1499 1859 42,
1535 1791 1623 1843 11.
1670 1789 1776 1844 No.
1804 1790 1894 1858 37,
1929 1790 2017 1844 23.

583 1879 653 1934 V.
691 1881 779 1934 35.
833 1879 1122 1951 plenitudo
1150 1877 1442 1950 temporis,
1477 1876 1616 1933 weil
1646 1877 1749 1933 mit
1782 1875 1884 1930 der
1921 1875 2368 1948 Verkiindigung
2405 1875 2507 1931 das
2544 1877 2659 1932 alte
2687 1877 3020 1935 Testament

405 1963 608 2023 erfiillt
654 1966 796 2022 oder
843 1965 1213 2039 geschlossen
1260 1979 1402 2021 war.
1473 1964 1660 2021 Damit
1706 1964 1929 2035 hang-en
1980 1962 2072 2019 die
2108 1963 2324 2018 Stellen
2361 1974 2704 2034 zusammen,
2766 1967 3018 2022 wonach

405 2053 662 2112 christus
712 2069 802 2108 am
835 2052 990 2108 Ende
1037 2052 1138 2107 der
1174 2051 1299 2108 Zeit
1347 2050 1674 2107 erschienen
1710 2050 1787 2106 ist
1835 2050 1967 2118 (No.
2004 2051 2094 2121 26,
2127 2053 2213 2106 25.
2265 2050 2367 2106 No.
2404 2053 2491 2120 43,
2532 2053 2639 2122 1.),
2702 2068 2873 2109 wozu
2922 2054 3017 2109 ich

400 2138 674 2213 folgende
708 2138 965 2214 beiffige:
1038 2139 1209 2198 Venit
1244 2140 1562 2215 (Christus)
1599 2156 1714 2195 non
1750 2140 1806 2195 in
1843 2138 2004 2196 initio
2040 2154 2143 2195 nec
2174 2140 2235 2193 in
2267 2139 2452 2195 medio
2488 2140 2773 2212 temporis,
2809 2140 2917 2196 sed
2955 2142 3015 2197 iu

399 2225 528 2287 ino.
567 2262 629 2272 -
683 2245 819 2286 vere
856 2229 1002 2287 enim
1034 2229 1555 2302 advesperascebat
1590 2233 1650 2284 et
1682 2227 1952 2283 inclinata
1980 2231 2107 2282 erat
2131 2227 2258 2300 jam
2293 2226 2441 2299 dies,
2475 2233 2802 2284 recesserat
2833 2229 3016 2299 pulo

398 2317 582 2374 minus
618 2315 710 2372 sol
739 2318 999 2390 justitiae,
1033 2318 1118 2373 ita
1153 2323 1217 2373 ut
1255 2316 1491 2388 exiguus
1530 2315 1692 2369 nimis
1729 2312 1999 2385 splendor
2036 2314 2163 2387 eJ‘us
2200 2319 2299 2370 aut
2339 2314 2500 2372 calor
2536 2322 2690 2370 esset
2723 2316 2782 2371 in
2818 2318 3012 2374 terris.

397 2419 531 2461 nam
578 2408 637 2460 et
686 2403 785 2459 lux
821 2404 1023 2459 divinoe
1058 2403 1277 2459 notitiae
1310 2416 1498 2473 parva
1531 2401 1827 2456 admodum
1862 2405 1988 2456 erat
2034 2407 2094 2457 et
2127 2402 2446 2458 abundante
2483 2401 2775 2473 iniquitate
2809 2399 3015 2461 fervor

399 2487 750 2562 refriguerat
797 2489 1070 2545 caritatis.
1142 2487 1201 2545 8.
1236 2487 1498 2545 Bernard.
1544 2500 1709 2542 serm.
1746 2491 1775 2541 1
1792 2527 1809 2558 ,
1842 2489 1892 2543 9.
1976 2484 2008 2544 ὁ
2049 2485 2309 2563 ἅνᾶρχως
2355 2488 2415 2543 ἐκ
2461 2488 2674 2566 πατρὸς
2726 2492 3010 2566 γεννηθεὶς

399 2579 494 2632 καὶ
538 2576 598 2631 ἐκ
645 2574 749 2632 σοῦ
793 2576 879 2632 ἐπ’
925 2575 1171 2646 ἐσχάτων
1206 2573 1343 2646 πλὴν
1379 2571 1581 2652 ἀνδρὸς
1618 2578 1858 2646 κινηθείς.
1918 2576 2162 2632 Μοάἰοπ
2196 2577 2264 2643 Κ,
2293 2579 2343 2631 4.
2415 2574 2574 2633 Naofl
2619 2577 2798 2634 Galat.
2853 2580 2904 2649 4,
2958 2579 3010 2633 4.

399 2663 578 2721 Sexta
615 2669 785 2719 aetate
824 2665 1051 2736 generis
1082 2664 1309 2718 humani
1340 2658 1490 2719 filins
1526 2663 1622 2719 dei
1648 2663 1809 2719 venit
1841 2668 1899 2719 et
1932 2659 2119 2719 factus
2157 2669 2247 2718 est
2279 2659 2428 2718 filius
2455 2664 2710 2720 hominis.
2748 2668 3009 2735 Augu-sliu.

403 2750 474 2805 de
503 2750 764 2820 trinita,
799 2755 851 2806 7.
903 2752 1245 2821 Ubicumque
1272 2750 1466 2824 justus
1500 2749 1778 2823 nascitur,
1814 2751 1895 2806 ibi
1925 2751 2279 2822 complentur
2321 2751 2468 2819 dies,
2502 2750 2622 2806 illie
2655 2752 2714 2807 in
2748 2754 3012 2809 mundun

404 2838 723 2909 completur
757 2838 1031 2895 adventus
1067 2838 1168 2894 sni.
1223 2842 1385 2894 ortus
1409 2838 1560 2912 justi
1597 2838 1992 2910 plenitudinem
2027 2838 2223 2910 habet,
2257 2840 2579 2910 peccatoris
2613 2840 2908 2912 nativitas,
2949 2846 3013 2899 ut

406 2925 492 2980 ita
528 2925 791 2998 dicamus,
826 2926 1168 2982 vacuitatem
1203 2931 1372 2997 atque
1408 2925 1750 2982 inanitatem.
1796 2925 2009 2982 Hieron.
2044 2926 2191 2982 hom.
2229 2927 2286 2981 in
2321 2927 2451 2982 Luc.
2489 2929 2538 2982 9.

1372 3209 1547 3286 345.
1611 3210 1726 3282 De
1779 3208 2043 3283 eadem.

401 3415 695 3481 Terrena
742 3426 976 3482 cuncta
1009 3416 1325 3500 jubilent,
1755 3415 1956 3480 Dives
2000 3415 2231 3479 Mariae
2275 3415 2590 3499 gremium

401 3527 587 3584 astra
632 3518 929 3585 laudibus
973 3521 1294 3603 intonent,
1755 3516 1973 3583 mundi
2017 3520 2303 3600 gestavit
2345 3521 2622 3604 pretium
2639 3567 2658 3603 ‚

399 3623 674 3705 virginis
721 3633 868 3687 ante
914 3623 1263 3689 thalamum
1756 3641 1885 3707 quo
1932 3623 2285 3707 gloriamur
2329 3624 2557 3687 redimi
2930 3624 3011 3688 15

398 3725 628 3792 laudes
671 3728 993 3792 alternent
1037 3726 1413 3793 dramatum.
1619 3728 1624 3734 ’
1755 3727 1949 3794 soluti
1982 3726 2149 3813 jugo
2195 3726 2412 3793 debiti.

395 3886 560 3958 Haeo
601 3891 794 3974 virgo
839 3892 1043 3954 verbo
1090 3889 1367 3975 gravida
1606 3886 1647 3953 ὅ
1754 3889 1957 3968 Quam
2000 3891 2205 3974 patris
2252 3889 2473 3976 implet
2519 3890 2721 3976 filius,

395 3996 474 4062 fit
516 3995 804 4080 paradisi
841 3995 1048 4080 janua
1067 4042 1084 4077 ‚
1753 4002 2013 4059 sanetus
2061 3995 2398 4062 obumbrat
2444 3995 2706 4081 spiritus
2715 4043 2738 4078 ‚

396 4117 546 4183 quae
583 4100 772 4167 deum
817 4101 1055 4166 mundo
1100 4099 1384 4164 reddidit
1401 4147 1419 4183 ,
1752 4097 1987 4163 coelum
2033 4096 2196 4163 fiunt
2241 4099 2604 4165 castissima

286 4281 295 4289 ,
395 4202 631 4268 ooelum
679 4205 867 4269 nobis
915 4204 1184 4287 aperuit.
1753 4208 1999 4267 sanctae
2036 4202 2275 4287 puellae
2318 4203 2595 4268 viscera.
2920 4203 3007 4269 20

395 4363 589 4431 Felix
633 4367 758 4432 ista
803 4387 1161 4453 puerpera,
1754 4366 1856 4433 Sit
1899 4368 2017 4433 tibi
2053 4367 2195 4432 laus
2241 4368 2580 4450 altissime,

395 4460 560 4535 Evae
603 4469 753 4554 lege
799 4471 1159 4555 liberrima,
1565 4471 1646 4535 10
1753 4471 1860 4554 qui
1910 4478 2097 4536 natus
2143 4488 2214 4534 es
2260 4490 2344 4534 ex
2386 4469 2673 4553 virgine,

395 4574 703 4658 concepit
746 4576 884 4640 sine
920 4578 1121 4654 coitu,
1752 4575 1836 4639 sit
1880 4573 2089 4639 honor
2134 4574 2443 4639 ineffabili

394 4675 608 4742 emisit
649 4677 791 4744 sine
836 4682 1094 4762 gemitu.
1749 4678 1925 4765 patri
1967 4688 2325 4764 sanctoque
2369 4680 2627 4748 flamini.
