<?xml version="1.0" encoding="UTF-8"?>
<!DOCTYPE html PUBLIC "-//W3C//DTD XHTML 1.0 Transitional//EN"
    "http://www.w3.org/TR/xhtml1/DTD/xhtml1-transitional.dtd">
<html xmlns="http://www.w3.org/1999/xhtml" xml:lang="en" lang="en">
 <head>
  <title>
</title>
<meta http-equiv="Content-Type" content="text/html;charset=utf-8" />
  <meta name='ocr-system' content='tesseract 3.04.00' />
  <meta name='ocr-capabilities' content='ocr_page ocr_carea ocr_par ocr_line ocrx_word'/>
</head>
<body>
  <div class='ocr_page' id='page_1' title='image "./lateinischehymn03monegoog_0376.png"; bbox 0 0 3167 5242; ppageno 0'>
   <div class='ocr_carea' id='block_1_1' title="bbox 1051 646 2387 752">
    <p class='ocr_par' dir='ltr' id='par_1_1' title="bbox 1051 646 2387 752">
     <span class='ocr_line' id='line_1_1' title="bbox 1051 646 2387 752; baseline 0.004 -30"><span class='ocrx_word' id='word_1_1' title='bbox 1051 646 1225 723; x_wconf 85' lang='lat'><strong>525.</strong></span> <span class='ocrx_word' id='word_1_2' title='bbox 1312 649 1705 752; x_wconf 69' lang='lat' dir='ltr'><strong>Sequentia</strong></span> <span class='ocrx_word' id='word_1_3' title='bbox 1758 651 1846 727; x_wconf 85' lang='lat' dir='ltr'><strong>de</strong></span> <span class='ocrx_word' id='word_1_4' title='bbox 1895 651 1966 726; x_wconf 88' lang='lat' dir='ltr'><strong>b.</strong></span> <span class='ocrx_word' id='word_1_5' title='bbox 2016 680 2083 726; x_wconf 81' lang='lat' dir='ltr'><strong>v.</strong></span> <span class='ocrx_word' id='word_1_6' title='bbox 2135 654 2387 727; x_wconf 79' lang='lat' dir='ltr'><strong>Maria.</strong></span> 
     </span>
    </p>
   </div>
   <div class='ocr_carea' id='block_1_2' title="bbox 419 879 1247 1175">
    <p class='ocr_par' dir='ltr' id='par_1_2' title="bbox 419 879 1247 1175">
     <span class='ocr_line' id='line_1_2' title="bbox 422 879 1179 969; baseline 0 -19"><span class='ocrx_word' id='word_1_7' title='bbox 422 879 578 950; x_wconf 82' lang='lat' dir='ltr'><strong>Ave</strong></span> <span class='ocrx_word' id='word_1_8' title='bbox 622 885 814 968; x_wconf 81' lang='lat' dir='ltr'><strong>virgo</strong></span> <span class='ocrx_word' id='word_1_9' title='bbox 858 885 1179 969; x_wconf 76' lang='lat' dir='ltr'><strong>gratiosa,</strong></span> 
     </span>
     <span class='ocr_line' id='line_1_3' title="bbox 419 988 1233 1073; baseline 0.001 -20"><span class='ocrx_word' id='word_1_10' title='bbox 419 988 617 1073; x_wconf 66' lang='lat' dir='ltr'><strong>virgo</strong></span> <span class='ocrx_word' id='word_1_11' title='bbox 659 996 867 1053; x_wconf 87' lang='lat' dir='ltr'><strong>mater</strong></span> <span class='ocrx_word' id='word_1_12' title='bbox 909 989 1199 1071; x_wconf 75' lang='lat' dir='ltr'><strong>gloriosa</strong></span> <span class='ocrx_word' id='word_1_13' title='bbox 1215 1039 1233 1073; x_wconf 91' lang='lat'>‚</span> 
     </span>
     <span class='ocr_line' id='line_1_4' title="bbox 421 1091 1247 1175; baseline 0 -17"><span class='ocrx_word' id='word_1_14' title='bbox 421 1113 426 1120; x_wconf 93' lang='lat'>·</span> <span class='ocrx_word' id='word_1_15' title='bbox 507 1099 725 1158; x_wconf 76' lang='lat' dir='ltr'><strong>mater</strong></span> <span class='ocrx_word' id='word_1_16' title='bbox 760 1092 939 1175; x_wconf 78' lang='lat' dir='ltr'><strong>regis</strong></span> <span class='ocrx_word' id='word_1_17' title='bbox 983 1091 1247 1175; x_wconf 77' lang='lat' dir='ltr'><strong>gloriae!</strong></span> 
     </span>
    </p>
   </div>
   <div class='ocr_carea' id='block_1_3' title="bbox 418 1279 1313 1371">
    <p class='ocr_par' dir='ltr' id='par_1_3' title="bbox 418 1279 1313 1371">
     <span class='ocr_line' id='line_1_5' title="bbox 418 1279 1313 1371; baseline 0.002 -21"><span class='ocrx_word' id='word_1_18' title='bbox 418 1279 574 1350; x_wconf 81' lang='lat' dir='ltr'><strong>Ave</strong></span> <span class='ocrx_word' id='word_1_19' title='bbox 618 1283 876 1367; x_wconf 77' lang='lat' dir='ltr'><strong>fulgens</strong></span> <span class='ocrx_word' id='word_1_20' title='bbox 919 1286 1277 1370; x_wconf 79' lang='lat' dir='ltr'><strong>margarita</strong></span> <span class='ocrx_word' id='word_1_21' title='bbox 1294 1334 1313 1371; x_wconf 90' lang='lat'>‚</span> 
     </span>
    </p>
   </div>
   <div class='ocr_carea' id='block_1_4' title="bbox 419 1390 1477 1476">
    <p class='ocr_par' dir='ltr' id='par_1_4' title="bbox 419 1390 1477 1476">
     <span class='ocr_line' id='line_1_6' title="bbox 419 1390 1477 1476; baseline 0.006 -24"><span class='ocrx_word' id='word_1_22' title='bbox 419 1406 545 1471; x_wconf 87' lang='lat' dir='ltr'><strong>per</strong></span> <span class='ocrx_word' id='word_1_23' title='bbox 589 1406 781 1469; x_wconf 87' lang='lat' dir='ltr'><strong>quam</strong></span> <span class='ocrx_word' id='word_1_24' title='bbox 824 1390 1007 1455; x_wconf 87' lang='lat' dir='ltr'><strong>venit</strong></span> <span class='ocrx_word' id='word_1_25' title='bbox 1048 1390 1269 1456; x_wconf 88' lang='lat' dir='ltr'><strong>mundi</strong></span> <span class='ocrx_word' id='word_1_26' title='bbox 1310 1391 1477 1476; x_wconf 82' lang='lat' dir='ltr'><strong>vita,</strong></span> 
     </span>
    </p>
   </div>
   <div class='ocr_carea' id='block_1_5' title="bbox 508 1487 1282 1578">
    <p class='ocr_par' dir='ltr' id='par_1_5' title="bbox 508 1487 1282 1578">
     <span class='ocr_line' id='line_1_7' title="bbox 508 1487 1282 1578; baseline 0.006 -24"><span class='ocrx_word' id='word_1_27' title='bbox 508 1487 806 1555; x_wconf 80' lang='lat' dir='ltr'><strong>Christus</strong></span> <span class='ocrx_word' id='word_1_28' title='bbox 851 1493 952 1556; x_wconf 78' lang='lat' dir='ltr'><strong>sol</strong></span> <span class='ocrx_word' id='word_1_29' title='bbox 989 1492 1282 1578; x_wconf 79' lang='lat' dir='ltr'><strong>justitiae.</strong></span> 
     </span>
    </p>
   </div>
   <div class='ocr_carea' id='block_1_6' title="bbox 415 1673 1334 1953">
    <p class='ocr_par' dir='ltr' id='par_1_6' title="bbox 415 1673 1334 1953">
     <span class='ocr_line' id='line_1_8' title="bbox 419 1673 1110 1765; baseline 0.007 -24"><span class='ocrx_word' id='word_1_30' title='bbox 419 1673 476 1741; x_wconf 78' lang='lat' dir='ltr'>ss</span> <span class='ocrx_word' id='word_1_31' title='bbox 519 1677 695 1743; x_wconf 80' lang='lat' dir='ltr'><strong>oliva</strong></span> <span class='ocrx_word' id='word_1_32' title='bbox 738 1679 1072 1746; x_wconf 72' lang='lat' dir='ltr'><strong>ftuctifera</strong></span> <span class='ocrx_word' id='word_1_33' title='bbox 1090 1729 1110 1765; x_wconf 83' lang='lat'>‚</span> 
     </span>
     <span class='ocr_line' id='line_1_9' title="bbox 415 1781 1086 1864; baseline 0.006 -20"><span class='ocrx_word' id='word_1_34' title='bbox 415 1786 490 1844; x_wconf 90' lang='lat' dir='ltr'><strong>tu</strong></span> <span class='ocrx_word' id='word_1_35' title='bbox 531 1781 792 1864; x_wconf 78' lang='lat' dir='ltr'><strong>pietatis</strong></span> <span class='ocrx_word' id='word_1_36' title='bbox 828 1784 1086 1849; x_wconf 79' lang='lat' dir='ltr'><strong>viscera</strong></span> 
     </span>
     <span class='ocr_line' id='line_1_10' title="bbox 419 1884 1334 1953; baseline 0.007 -6"><span class='ocrx_word' id='word_1_37' title='bbox 419 1885 428 1894; x_wconf 87' lang='lat'><strong>‘</strong></span> <span class='ocrx_word' id='word_1_38' title='bbox 503 1884 663 1948; x_wconf 88' lang='lat' dir='ltr'><strong>nulli</strong></span> <span class='ocrx_word' id='word_1_39' title='bbox 707 1884 954 1950; x_wconf 80' lang='lat' dir='ltr'><strong>claudis</strong></span> <span class='ocrx_word' id='word_1_40' title='bbox 998 1886 1334 1953; x_wconf 87' lang='lat' dir='ltr'><strong>homiuum.</strong></span> 
     </span>
    </p>
   </div>
   <div class='ocr_carea' id='block_1_7' title="bbox 413 2075 1314 2356">
    <p class='ocr_par' dir='ltr' id='par_1_7' title="bbox 413 2075 1314 2356">
     <span class='ocr_line' id='line_1_11' title="bbox 413 2075 1164 2145; baseline 0.004 -3"><span class='ocrx_word' id='word_1_41' title='bbox 413 2075 553 2142; x_wconf 80' lang='lat' dir='ltr'><strong>Nos</strong></span> <span class='ocrx_word' id='word_1_42' title='bbox 595 2077 821 2142; x_wconf 73' lang='lat' dir='ltr'><strong>exules</strong></span> <span class='ocrx_word' id='word_1_43' title='bbox 865 2077 1164 2145; x_wconf 78' lang='lat' dir='ltr'><strong>laetifioas</strong></span> 
     </span>
     <span class='ocr_line' id='line_1_12' title="bbox 413 2180 1314 2266; baseline 0 -16"><span class='ocrx_word' id='word_1_44' title='bbox 413 2187 485 2250; x_wconf 77' lang='lat' dir='ltr'><strong>nt</strong></span> <span class='ocrx_word' id='word_1_45' title='bbox 529 2181 711 2266; x_wconf 79' lang='lat' dir='ltr'><strong>vitis,</strong></span> <span class='ocrx_word' id='word_1_46' title='bbox 740 2180 910 2248; x_wconf 76' lang='lat' dir='ltr'><strong>&#39;dum</strong></span> <span class='ocrx_word' id='word_1_47' title='bbox 957 2182 1314 2252; x_wconf 72' lang='lat' dir='ltr'><strong>fructificas</strong></span> 
     </span>
     <span class='ocr_line' id='line_1_13' title="bbox 501 2284 1288 2356; baseline 0.006 -7"><span class='ocrx_word' id='word_1_48' title='bbox 501 2284 901 2352; x_wconf 75' lang='lat' dir='ltr'><strong>salvatorem</strong></span> <span class='ocrx_word' id='word_1_49' title='bbox 945 2286 1288 2356; x_wconf 86' lang='lat' dir='ltr'><strong>dominum.</strong></span> 
     </span>
    </p>
   </div>
   <div class='ocr_carea' id='block_1_8' title="bbox 414 2474 1326 2772">
    <p class='ocr_par' dir='ltr' id='par_1_8' title="bbox 414 2474 1326 2772">
     <span class='ocr_line' id='line_1_14' title="bbox 414 2474 1326 2564; baseline 0 -20"><span class='ocrx_word' id='word_1_50' title='bbox 414 2474 599 2562; x_wconf 74' lang='lat' dir='ltr'><strong>Ergo</strong></span> <span class='ocrx_word' id='word_1_51' title='bbox 640 2485 710 2543; x_wconf 85' lang='lat' dir='ltr'><strong>te</strong></span> <span class='ocrx_word' id='word_1_52' title='bbox 744 2478 1044 2544; x_wconf 79' lang='lat' dir='ltr'><strong>thronum</strong></span> <span class='ocrx_word' id='word_1_53' title='bbox 1090 2479 1326 2564; x_wconf 75' lang='lat' dir='ltr'><strong>gratiae</strong></span> 
     </span>
     <span class='ocr_line' id='line_1_15' title="bbox 416 2580 1074 2648; baseline 0 0"><span class='ocrx_word' id='word_1_54' title='bbox 416 2599 534 2648; x_wconf 80' lang='lat' dir='ltr'><strong>eor</strong></span> <span class='ocrx_word' id='word_1_55' title='bbox 579 2580 774 2647; x_wconf 85' lang='lat' dir='ltr'><strong>adeat</strong></span> <span class='ocrx_word' id='word_1_56' title='bbox 816 2581 1074 2648; x_wconf 79' lang='lat' dir='ltr'><strong>fidueiae</strong></span> 
     </span>
     <span class='ocr_line' id='line_1_16' title="bbox 417 2688 1251 2772; baseline 0.005 -24"><span class='ocrx_word' id='word_1_57' title='bbox 417 2689 428 2698; x_wconf 84' lang='lat'>&#39;</span> <span class='ocrx_word' id='word_1_58' title='bbox 503 2691 573 2749; x_wconf 90' lang='lat' dir='ltr'><strong>et</strong></span> <span class='ocrx_word' id='word_1_59' title='bbox 614 2703 805 2770; x_wconf 89' lang='lat' dir='ltr'><strong>opem</strong></span> <span class='ocrx_word' id='word_1_60' title='bbox 848 2688 1251 2772; x_wconf 82' lang='lat' dir='ltr'><strong>impetrabit3</strong></span> 
     </span>
    </p>
   </div>
   <div class='ocr_carea' id='block_1_9' title="bbox 409 2869 1323 3167">
    <p class='ocr_par' dir='ltr' id='par_1_9' title="bbox 409 2869 1323 3167">
     <span class='ocr_line' id='line_1_17' title="bbox 410 2869 1131 2958; baseline -0.001 -19"><span class='ocrx_word' id='word_1_61' title='bbox 410 2869 594 2939; x_wconf 72' lang='lat' dir='ltr'><strong>Fons</strong></span> <span class='ocrx_word' id='word_1_62' title='bbox 636 2872 1131 2958; x_wconf 77' lang='lat' dir='ltr'><strong>misericordiae‚</strong></span> 
     </span>
     <span class='ocr_line' id='line_1_18' title="bbox 409 2975 1323 3063; baseline 0.004 -22"><span class='ocrx_word' id='word_1_63' title='bbox 409 2975 558 3042; x_wconf 72' lang='lat' dir='ltr'><strong>fons</strong></span> <span class='ocrx_word' id='word_1_64' title='bbox 603 2983 874 3061; x_wconf 69' lang='lat' dir='ltr'><strong>patene,</strong></span> <span class='ocrx_word' id='word_1_65' title='bbox 921 2977 1065 3043; x_wconf 78' lang='lat' dir='ltr'><strong>fons</strong></span> <span class='ocrx_word' id='word_1_66' title='bbox 1111 2977 1323 3063; x_wconf 78' lang='lat' dir='ltr'><strong>eopiae</strong></span> 
     </span>
     <span class='ocr_line' id='line_1_19' title="bbox 494 3081 1304 3167; baseline 0.006 -21"><span class='ocrx_word' id='word_1_67' title='bbox 494 3082 743 3166; x_wconf 88' lang='lat' dir='ltr'><strong>petenti</strong></span> <span class='ocrx_word' id='word_1_68' title='bbox 786 3081 940 3165; x_wconf 91' lang='lat' dir='ltr'><strong>quid</strong></span> <span class='ocrx_word' id='word_1_69' title='bbox 984 3085 1250 3167; x_wconf 77' lang='lat' dir='ltr'><strong>negabit</strong></span> <span class='ocrx_word' id='word_1_70' title='bbox 1264 3083 1304 3151; x_wconf 64' lang='lat'><em>2</em></span> 
     </span>
    </p>
   </div>
   <div class='ocr_carea' id='block_1_10' title="bbox 405 3266 1397 3566">
    <p class='ocr_par' dir='ltr' id='par_1_10' title="bbox 405 3266 1397 3566">
     <span class='ocr_line' id='line_1_20' title="bbox 409 3266 1209 3357; baseline 0.001 -20"><span class='ocrx_word' id='word_1_71' title='bbox 409 3266 509 3337; x_wconf 76' lang='lat' dir='ltr'><strong>Tu</strong></span> <span class='ocrx_word' id='word_1_72' title='bbox 552 3271 694 3336; x_wconf 87' lang='lat' dir='ltr'><strong>auri</strong></span> <span class='ocrx_word' id='word_1_73' title='bbox 738 3290 858 3336; x_wconf 71' lang='lat' dir='ltr'><strong>vas</strong></span> <span class='ocrx_word' id='word_1_74' title='bbox 901 3271 1209 3357; x_wconf 81' lang='lat' dir='ltr'><strong>solidum,</strong></span> 
     </span>
     <span class='ocr_line' id='line_1_21' title="bbox 405 3376 1265 3461; baseline 0.003 -22"><span class='ocrx_word' id='word_1_75' title='bbox 405 3393 528 3440; x_wconf 78' lang='lat' dir='ltr'><strong>vas</strong></span> <span class='ocrx_word' id='word_1_76' title='bbox 571 3384 867 3441; x_wconf 86' lang='lat' dir='ltr'><strong>ornatum</strong></span> <span class='ocrx_word' id='word_1_77' title='bbox 913 3376 1226 3460; x_wconf 77' lang='lat' dir='ltr'><strong>fulgidum</strong></span> <span class='ocrx_word' id='word_1_78' title='bbox 1244 3425 1265 3461; x_wconf 89' lang='lat'><strong><em>‚</em></strong></span> 
     </span>
     <span class='ocr_line' id='line_1_22' title="bbox 495 3478 1397 3566; baseline 0.007 -22"><span class='ocrx_word' id='word_1_79' title='bbox 495 3480 672 3562; x_wconf 89' lang='lat' dir='ltr'><strong>quod</strong></span> <span class='ocrx_word' id='word_1_80' title='bbox 715 3478 955 3547; x_wconf 79' lang='lat' dir='ltr'><strong>decore</strong></span> <span class='ocrx_word' id='word_1_81' title='bbox 1000 3483 1397 3566; x_wconf 71' lang='lat' dir='ltr'><strong>praeeminet.</strong></span> 
     </span>
    </p>
   </div>
   <div class='ocr_carea' id='block_1_11' title="bbox 402 3664 1254 3961">
    <p class='ocr_par' dir='ltr' id='par_1_11' title="bbox 402 3664 1254 3961">
     <span class='ocr_line' id='line_1_23' title="bbox 402 3664 955 3754; baseline 0.009 -24"><span class='ocrx_word' id='word_1_82' title='bbox 402 3664 683 3737; x_wconf 74' lang='lat' dir='ltr'><strong>Intulisti</strong></span> <span class='ocrx_word' id='word_1_83' title='bbox 724 3668 923 3735; x_wconf 88' lang='lat' dir='ltr'><strong>filium</strong></span> <span class='ocrx_word' id='word_1_84' title='bbox 937 3720 955 3754; x_wconf 91' lang='lat'>‚</span> 
     </span>
     <span class='ocr_line' id='line_1_24' title="bbox 403 3772 1073 3855; baseline 0.007 -18"><span class='ocrx_word' id='word_1_85' title='bbox 403 3772 518 3855; x_wconf 65' lang='lat' dir='ltr'><strong>qni</strong></span> <span class='ocrx_word' id='word_1_86' title='bbox 561 3772 770 3839; x_wconf 78' lang='lat' dir='ltr'><strong>elatus</strong></span> <span class='ocrx_word' id='word_1_87' title='bbox 816 3775 1073 3842; x_wconf 84' lang='lat' dir='ltr'><strong>nimium</strong></span> 
     </span>
     <span class='ocr_line' id='line_1_25' title="bbox 489 3878 1254 3961; baseline 0.004 -19"><span class='ocrx_word' id='word_1_88' title='bbox 489 3892 693 3961; x_wconf 73' lang='lat' dir='ltr'><strong>super</strong></span> <span class='ocrx_word' id='word_1_89' title='bbox 733 3895 956 3945; x_wconf 70' lang='lat' dir='ltr'><strong>omnes</strong></span> <span class='ocrx_word' id='word_1_90' title='bbox 999 3878 1254 3946; x_wconf 84' lang='lat' dir='ltr'><strong>eminet.</strong></span> 
     </span>
    </p>
   </div>
   <div class='ocr_carea' id='block_1_12' title="bbox 397 4060 1310 4359">
    <p class='ocr_par' dir='ltr' id='par_1_12' title="bbox 397 4060 1310 4359">
     <span class='ocr_line' id='line_1_26' title="bbox 398 4060 1310 4153; baseline 0.004 -21"><span class='ocrx_word' id='word_1_91' title='bbox 398 4060 717 4132; x_wconf 79' lang='lat' dir='ltr'><strong>Aeternae</strong></span> <span class='ocrx_word' id='word_1_92' title='bbox 759 4067 1004 4134; x_wconf 79' lang='lat' dir='ltr'><strong>candor</strong></span> <span class='ocrx_word' id='word_1_93' title='bbox 1048 4069 1242 4153; x_wconf 76' lang='lat' dir='ltr'><strong>lucis,</strong></span> <span class='ocrx_word' id='word_1_94' title='bbox 1301 4115 1310 4124; x_wconf 86' lang='lat'><strong>·</strong></span> 
     </span>
     <span class='ocr_line' id='line_1_27' title="bbox 397 4170 1210 4259; baseline 0.001 -21"><span class='ocrx_word' id='word_1_95' title='bbox 397 4170 546 4238; x_wconf 83' lang='lat' dir='ltr'><strong>orbi</strong></span> <span class='ocrx_word' id='word_1_96' title='bbox 589 4190 778 4255; x_wconf 87' lang='lat' dir='ltr'><strong>quem</strong></span> <span class='ocrx_word' id='word_1_97' title='bbox 821 4172 1174 4241; x_wconf 73' lang='lat' dir='ltr'><strong>introducis</strong></span> <span class='ocrx_word' id='word_1_98' title='bbox 1190 4223 1210 4259; x_wconf 89' lang='lat'>,</span> 
     </span>
     <span class='ocr_line' id='line_1_28' title="bbox 483 4278 1215 4359; baseline 0.008 -19"><span class='ocrx_word' id='word_1_99' title='bbox 483 4293 610 4359; x_wconf 86' lang='lat' dir='ltr'><strong>per</strong></span> <span class='ocrx_word' id='word_1_100' title='bbox 653 4283 720 4341; x_wconf 84' lang='lat' dir='ltr'><strong>te</strong></span> <span class='ocrx_word' id='word_1_101' title='bbox 761 4294 882 4344; x_wconf 77' lang='lat' dir='ltr'><strong>nos</strong></span> <span class='ocrx_word' id='word_1_102' title='bbox 925 4278 1215 4346; x_wconf 78' lang='lat' dir='ltr'><strong>irradiat.</strong></span> 
     </span>
    </p>
   </div>
   <div class='ocr_carea' id='block_1_13' title="bbox 394 4442 1280 4735">
    <p class='ocr_par' dir='ltr' id='par_1_13' title="bbox 394 4442 1280 4735">
     <span class='ocr_line' id='line_1_29' title="bbox 397 4442 1091 4536; baseline 0.01 -27"><span class='ocrx_word' id='word_1_103' title='bbox 397 4442 545 4536; x_wconf 61' lang='lat' dir='ltr'><strong>Tibi</strong></span> <span class='ocrx_word' id='word_1_104' title='bbox 588 4448 764 4513; x_wconf 81' lang='lat' dir='ltr'><strong>salus</strong></span> <span class='ocrx_word' id='word_1_105' title='bbox 809 4449 1091 4516; x_wconf 85' lang='lat' dir='ltr'><strong>omnium</strong></span> 
     </span>
     <span class='ocr_line' id='line_1_30' title="bbox 394 4547 1077 4639; baseline 0.015 -28"><span class='ocrx_word' id='word_1_106' title='bbox 394 4564 473 4613; x_wconf 69' lang='lat' dir='ltr'><strong>ne</strong></span> <span class='ocrx_word' id='word_1_107' title='bbox 518 4547 695 4617; x_wconf 87' lang='lat' dir='ltr'><strong>dedit</strong></span> <span class='ocrx_word' id='word_1_108' title='bbox 736 4554 803 4618; x_wconf 92' lang='lat' dir='ltr'><strong>in</strong></span> <span class='ocrx_word' id='word_1_109' title='bbox 847 4553 1044 4620; x_wconf 87' lang='lat' dir='ltr'><strong>filium</strong></span> <span class='ocrx_word' id='word_1_110' title='bbox 1057 4603 1077 4639; x_wconf 84' lang='lat'>,</span> 
     </span>
     <span class='ocr_line' id='line_1_31' title="bbox 484 4653 1280 4735; baseline 0.014 -20"><span class='ocrx_word' id='word_1_111' title='bbox 484 4653 595 4735; x_wconf 83' lang='lat' dir='ltr'><strong>qui</strong></span> <span class='ocrx_word' id='word_1_112' title='bbox 634 4672 756 4720; x_wconf 72' lang='lat' dir='ltr'><strong>nos</strong></span> <span class='ocrx_word' id='word_1_113' title='bbox 798 4657 1022 4724; x_wconf 76' lang='lat' dir='ltr'><strong>salvo·</strong></span> <span class='ocrx_word' id='word_1_114' title='bbox 1064 4659 1280 4728; x_wconf 71' lang='lat' dir='ltr'><strong>faeiat.</strong></span> 
     </span>
    </p>
   </div>
   <div class='ocr_carea' id='block_1_14' title="bbox 1775 890 2652 1184">
    <p class='ocr_par' dir='ltr' id='par_1_14' title="bbox 1775 890 2652 1184">
     <span class='ocr_line' id='line_1_32' title="bbox 1778 890 2652 980; baseline 0.005 -23"><span class='ocrx_word' id='word_1_115' title='bbox 1778 890 2059 978; x_wconf 77' lang='lat' dir='ltr'><strong>Tempus</strong></span> <span class='ocrx_word' id='word_1_116' title='bbox 2100 892 2332 978; x_wconf 77' lang='lat' dir='ltr'><strong>imples</strong></span> <span class='ocrx_word' id='word_1_117' title='bbox 2367 894 2652 980; x_wconf 78' lang='lat' dir='ltr'><strong>jubilaei,</strong></span> 
     </span>
     <span class='ocr_line' id='line_1_33' title="bbox 1775 995 2558 1081; baseline 0.003 -20"><span class='ocrx_word' id='word_1_118' title='bbox 1775 995 2138 1062; x_wconf 85' lang='lat' dir='ltr'><strong>libertatem</strong></span> <span class='ocrx_word' id='word_1_119' title='bbox 2184 1017 2309 1081; x_wconf 89' lang='lat' dir='ltr'><strong>per</strong></span> <span class='ocrx_word' id='word_1_120' title='bbox 2348 1004 2417 1062; x_wconf 89' lang='lat' dir='ltr'><strong>te</strong></span> <span class='ocrx_word' id='word_1_121' title='bbox 2459 999 2558 1063; x_wconf 87' lang='lat' dir='ltr'><strong>rei</strong></span> 
     </span>
     <span class='ocr_line' id='line_1_34' title="bbox 1860 1098 2499 1184; baseline 0.003 -22"><span class='ocrx_word' id='word_1_122' title='bbox 1860 1098 2181 1184; x_wconf 79' lang='lat' dir='ltr'><strong>recipiunt</strong></span> <span class='ocrx_word' id='word_1_123' title='bbox 2224 1098 2499 1165; x_wconf 82' lang='lat' dir='ltr'><strong>abunde.</strong></span> 
     </span>
    </p>
   </div>
   <div class='ocr_carea' id='block_1_15' title="bbox 1629 1260 2580 1555">
    <p class='ocr_par' dir='ltr' id='par_1_15' title="bbox 1629 1260 2580 1555">
     <span class='ocr_line' id='line_1_35' title="bbox 1772 1260 2451 1350; baseline -0.003 -19"><span class='ocrx_word' id='word_1_124' title='bbox 1772 1260 2014 1331; x_wconf 79' lang='lat' dir='ltr'><strong>Exulta</strong></span> <span class='ocrx_word' id='word_1_125' title='bbox 2058 1260 2244 1350; x_wconf 83' lang='lat' dir='ltr'><strong>Syon</strong></span> <span class='ocrx_word' id='word_1_126' title='bbox 2289 1263 2451 1348; x_wconf 82' lang='lat' dir='ltr'><strong>filia,</strong></span> 
     </span>
     <span class='ocr_line' id='line_1_36' title="bbox 1629 1368 2548 1456; baseline 0.001 -24"><span class='ocrx_word' id='word_1_127' title='bbox 1629 1395 1668 1456; x_wconf 86' lang='lat'>5</span> <span class='ocrx_word' id='word_1_128' title='bbox 1776 1374 2144 1432; x_wconf 77' lang='lat' dir='ltr'><strong>sauctorum</strong></span> <span class='ocrx_word' id='word_1_129' title='bbox 2188 1368 2307 1433; x_wconf 86' lang='lat' dir='ltr'><strong>tibi</strong></span> <span class='ocrx_word' id='word_1_130' title='bbox 2348 1368 2548 1433; x_wconf 86' lang='lat' dir='ltr'><strong>millia</strong></span> 
     </span>
     <span class='ocr_line' id='line_1_37' title="bbox 1859 1467 2580 1555; baseline 0.001 -23"><span class='ocrx_word' id='word_1_131' title='bbox 1859 1467 2239 1535; x_wconf 81' lang='lat' dir='ltr'><strong>deserviunt</strong></span> <span class='ocrx_word' id='word_1_132' title='bbox 2271 1468 2580 1555; x_wconf 75' lang='lat' dir='ltr'><strong>jocunde.</strong></span> 
     </span>
    </p>
   </div>
   <div class='ocr_carea' id='block_1_16' title="bbox 1774 1633 2711 1908">
    <p class='ocr_par' dir='ltr' id='par_1_16' title="bbox 1774 1633 2711 1908">
     <span class='ocr_line' id='line_1_38' title="bbox 1774 1633 2684 1719; baseline 0.001 -19"><span class='ocrx_word' id='word_1_133' title='bbox 1774 1633 1873 1701; x_wconf 84' lang='lat' dir='ltr'><strong>&#39;l&#39;u</strong></span> <span class='ocrx_word' id='word_1_134' title='bbox 1915 1653 1988 1699; x_wconf 81' lang='lat' dir='ltr'><strong>es</strong></span> <span class='ocrx_word' id='word_1_135' title='bbox 2034 1634 2235 1700; x_wconf 86' lang='lat' dir='ltr'><strong>archa</strong></span> <span class='ocrx_word' id='word_1_136' title='bbox 2279 1635 2684 1719; x_wconf 79' lang='lat' dir='ltr'><strong>testamenti,</strong></span> 
     </span>
     <span class='ocr_line' id='line_1_39' title="bbox 1774 1736 2697 1821; baseline -0.001 -18"><span class='ocrx_word' id='word_1_137' title='bbox 1774 1756 1923 1821; x_wconf 83' lang='lat' dir='ltr'><strong>quae</strong></span> <span class='ocrx_word' id='word_1_138' title='bbox 1964 1736 2252 1803; x_wconf 78' lang='lat' dir='ltr'><strong>eoelestis</strong></span> <span class='ocrx_word' id='word_1_139' title='bbox 2298 1737 2697 1804; x_wconf 77' lang='lat' dir='ltr'><strong>sacramenti</strong></span> 
     </span>
     <span class='ocr_line' id='line_1_40' title="bbox 1856 1841 2711 1908; baseline 0.002 -2"><span class='ocrx_word' id='word_1_140' title='bbox 1856 1841 1989 1906; x_wconf 76' lang='lat' dir='ltr'><strong>vim</strong></span> <span class='ocrx_word' id='word_1_141' title='bbox 2033 1849 2101 1906; x_wconf 87' lang='lat' dir='ltr'><strong>et</strong></span> <span class='ocrx_word' id='word_1_142' title='bbox 2144 1844 2345 1907; x_wconf 83' lang='lat' dir='ltr'><strong>robur</strong></span> <span class='ocrx_word' id='word_1_143' title='bbox 2387 1842 2711 1908; x_wconf 70' lang='lat' dir='ltr'><strong>contines.</strong></span> 
     </span>
    </p>
   </div>
   <div class='ocr_carea' id='block_1_17' title="bbox 1585 2002 2567 2298">
    <p class='ocr_par' dir='ltr' id='par_1_17' title="bbox 1585 2002 2567 2298">
     <span class='ocr_line' id='line_1_41' title="bbox 1772 2002 2567 2088; baseline 0 -19"><span class='ocrx_word' id='word_1_144' title='bbox 1772 2002 1871 2070; x_wconf 85' lang='lat' dir='ltr'><strong>&#39;l&#39;u</strong></span> <span class='ocrx_word' id='word_1_145' title='bbox 1915 2004 2142 2069; x_wconf 76' lang='lat' dir='ltr'><strong>solium</strong></span> <span class='ocrx_word' id='word_1_146' title='bbox 2188 2023 2262 2070; x_wconf 72' lang='lat' dir='ltr'><strong>es</strong></span> <span class='ocrx_word' id='word_1_147' title='bbox 2304 2005 2567 2088; x_wconf 72' lang='lat' dir='ltr'><strong>gloriae,</strong></span> 
     </span>
     <span class='ocr_line' id='line_1_42' title="bbox 1585 2081 2550 2195; baseline 0.002 -22"><span class='ocrx_word' id='word_1_148' title='bbox 1585 2081 1667 2146; x_wconf 74' lang='lat'><strong>¹⁰</strong></span> <span class='ocrx_word' id='word_1_149' title='bbox 1768 2110 2110 2195; x_wconf 85' lang='lat' dir='ltr'><strong>primatum</strong></span> <span class='ocrx_word' id='word_1_150' title='bbox 2156 2112 2307 2177; x_wconf 85' lang='lat' dir='ltr'><strong>eoeli</strong></span> <span class='ocrx_word' id='word_1_151' title='bbox 2348 2112 2550 2177; x_wconf 78' lang='lat' dir='ltr'><strong>euriae</strong></span> 
     </span>
     <span class='ocr_line' id='line_1_43' title="bbox 1854 2214 2548 2298; baseline 0.001 -20"><span class='ocrx_word' id='word_1_152' title='bbox 1854 2214 2233 2298; x_wconf 79' lang='lat' dir='ltr'><strong>imperatrix</strong></span> <span class='ocrx_word' id='word_1_153' title='bbox 2276 2215 2548 2281; x_wconf 76' lang='lat' dir='ltr'><strong>obtines.</strong></span> 
     </span>
    </p>
   </div>
   <div class='ocr_carea' id='block_1_18' title="bbox 1700 2375 2669 2648">
    <p class='ocr_par' dir='ltr' id='par_1_18' title="bbox 1700 2375 2669 2648">
     <span class='ocr_line' id='line_1_44' title="bbox 1767 2375 2635 2463; baseline -0.002 -19"><span class='ocrx_word' id='word_1_154' title='bbox 1767 2375 1914 2444; x_wconf 76' lang='lat' dir='ltr'><strong>Hoc</strong></span> <span class='ocrx_word' id='word_1_155' title='bbox 1955 2376 2206 2462; x_wconf 72' lang='lat' dir='ltr'><strong>gaudes</strong></span> <span class='ocrx_word' id='word_1_156' title='bbox 2249 2378 2598 2463; x_wconf 80' lang='lat' dir='ltr'><strong>privilegio</strong></span> <span class='ocrx_word' id='word_1_157' title='bbox 2613 2425 2635 2461; x_wconf 89' lang='lat'>,</span> 
     </span>
     <span class='ocr_line' id='line_1_45' title="bbox 1770 2479 2507 2565; baseline 0.003 -21"><span class='ocrx_word' id='word_1_158' title='bbox 1770 2479 1945 2565; x_wconf 77' lang='lat' dir='ltr'><strong>quod</strong></span> <span class='ocrx_word' id='word_1_159' title='bbox 1986 2481 2051 2544; x_wconf 89' lang='lat' dir='ltr'><strong>in</strong></span> <span class='ocrx_word' id='word_1_160' title='bbox 2098 2479 2328 2546; x_wconf 87' lang='lat' dir='ltr'><strong>eodem</strong></span> <span class='ocrx_word' id='word_1_161' title='bbox 2372 2479 2507 2546; x_wconf 82' lang='lat' dir='ltr'><strong>fflio</strong></span> 
     </span>
     <span class='ocr_line' id='line_1_46' title="bbox 1700 2581 2669 2648; baseline -0.002 0"><span class='ocrx_word' id='word_1_162' title='bbox 1700 2605 1708 2614; x_wconf 93' lang='lat'><strong>·</strong></span> <span class='ocrx_word' id='word_1_163' title='bbox 1853 2583 2284 2648; x_wconf 73' lang='lat' dir='ltr'><strong>communicas</strong></span> <span class='ocrx_word' id='word_1_164' title='bbox 2330 2599 2474 2648; x_wconf 80' lang='lat' dir='ltr'><strong>eum</strong></span> <span class='ocrx_word' id='word_1_165' title='bbox 2520 2581 2669 2648; x_wconf 85' lang='lat' dir='ltr'><strong>deo.</strong></span> 
     </span>
    </p>
   </div>
   <div class='ocr_carea' id='block_1_19' title="bbox 1577 2688 2739 2835">
    <p class='ocr_par' dir='ltr' id='par_1_19' title="bbox 1577 2688 2739 2835">
     <span class='ocr_line' id='line_1_47' title="bbox 1577 2688 2739 2835; baseline 0.003 -25"><span class='ocrx_word' id='word_1_166' title='bbox 1577 2688 1663 2751; x_wconf 71' lang='lat'><strong>15</strong></span> <span class='ocrx_word' id='word_1_167' title='bbox 1766 2745 1889 2814; x_wconf 80' lang='lat' dir='ltr'><strong>Hie</strong></span> <span class='ocrx_word' id='word_1_168' title='bbox 1924 2754 2057 2830; x_wconf 78' lang='lat' dir='ltr'><strong>est,</strong></span> <span class='ocrx_word' id='word_1_169' title='bbox 2103 2746 2211 2830; x_wconf 86' lang='lat' dir='ltr'><strong>qui</strong></span> <span class='ocrx_word' id='word_1_170' title='bbox 2255 2765 2376 2811; x_wconf 78' lang='lat' dir='ltr'><strong>nos</strong></span> <span class='ocrx_word' id='word_1_171' title='bbox 2416 2746 2739 2835; x_wconf 80' lang='lat' dir='ltr'><strong>redemit,</strong></span> 
     </span>
    </p>
   </div>
   <div class='ocr_carea' id='block_1_20' title="bbox 1760 2850 2646 3019">
    <p class='ocr_par' dir='ltr' id='par_1_20' title="bbox 1760 2850 2646 3019">
     <span class='ocr_line' id='line_1_48' title="bbox 1760 2850 2646 2934; baseline 0 -20"><span class='ocrx_word' id='word_1_172' title='bbox 1760 2856 2035 2914; x_wconf 83' lang='lat' dir='ltr'><strong>mortem</strong></span> <span class='ocrx_word' id='word_1_173' title='bbox 2084 2856 2291 2913; x_wconf 88' lang='lat' dir='ltr'><strong>morte</strong></span> <span class='ocrx_word' id='word_1_174' title='bbox 2337 2850 2646 2934; x_wconf 82' lang='lat' dir='ltr'><strong>peremit,</strong></span> 
     </span>
     <span class='ocr_line' id='line_1_49' title="bbox 1852 2951 2536 3019; baseline 0 -2"><span class='ocrx_word' id='word_1_175' title='bbox 1852 2951 1937 3017; x_wconf 86' lang='lat' dir='ltr'><strong>de</strong></span> <span class='ocrx_word' id='word_1_176' title='bbox 1980 2953 2152 3018; x_wconf 85' lang='lat' dir='ltr'><strong>tribu</strong></span> <span class='ocrx_word' id='word_1_177' title='bbox 2193 2951 2369 3019; x_wconf 85' lang='lat' dir='ltr'><strong>Juda</strong></span> <span class='ocrx_word' id='word_1_178' title='bbox 2413 2953 2536 3018; x_wconf 88' lang='lat' dir='ltr'><strong>leo.</strong></span> 
     </span>
    </p>
   </div>
   <div class='ocr_carea' id='block_1_21' title="bbox 1761 3116 2653 3406">
    <p class='ocr_par' dir='ltr' id='par_1_21' title="bbox 1761 3116 2653 3406">
     <span class='ocr_line' id='line_1_50' title="bbox 1764 3116 2502 3200; baseline 0 -17"><span class='ocrx_word' id='word_1_179' title='bbox 1764 3116 1820 3183; x_wconf 86' lang='lat'>0</span> <span class='ocrx_word' id='word_1_180' title='bbox 1864 3118 2151 3182; x_wconf 79' lang='lat' dir='ltr'><strong>vernalis</strong></span> <span class='ocrx_word' id='word_1_181' title='bbox 2192 3118 2502 3200; x_wconf 76' lang='lat' dir='ltr'><strong>castitas,</strong></span> 
     </span>
     <span class='ocr_line' id='line_1_51' title="bbox 1849 3220 2653 3306; baseline 0.002 -21"><span class='ocrx_word' id='word_1_182' title='bbox 1849 3240 1979 3303; x_wconf 87' lang='lat' dir='ltr'><strong>qua</strong></span> <span class='ocrx_word' id='word_1_183' title='bbox 2022 3227 2360 3302; x_wconf 75' lang='lat' dir='ltr'><strong>gratanter</strong></span> <span class='ocrx_word' id='word_1_184' title='bbox 2403 3220 2653 3306; x_wconf 85' lang='lat' dir='ltr'><strong>floruit,</strong></span> 
     </span>
     <span class='ocr_line' id='line_1_52' title="bbox 1761 3323 2403 3406; baseline -0.003 -16"><span class='ocrx_word' id='word_1_185' title='bbox 1761 3341 1804 3390; x_wconf 89' lang='grc' dir='ltr'><strong>ο</strong></span> <span class='ocrx_word' id='word_1_186' title='bbox 1847 3323 2079 3389; x_wconf 73' lang='lat' dir='ltr'><strong>aestiva</strong></span> <span class='ocrx_word' id='word_1_187' title='bbox 2123 3325 2365 3389; x_wconf 77' lang='lat' dir='ltr'><strong>caritas</strong></span> <span class='ocrx_word' id='word_1_188' title='bbox 2384 3370 2403 3406; x_wconf 90' lang='lat'>,</span> 
     </span>
    </p>
   </div>
   <div class='ocr_carea' id='block_1_22' title="bbox 1569 3381 2632 3511">
    <p class='ocr_par' dir='ltr' id='par_1_22' title="bbox 1569 3381 2632 3511">
     <span class='ocr_line' id='line_1_53' title="bbox 1569 3381 2632 3511; baseline 0.001 -19"><span class='ocrx_word' id='word_1_189' title='bbox 1569 3381 1656 3445; x_wconf 74' lang='lat'><strong>2⁰</strong></span> <span class='ocrx_word' id='word_1_190' title='bbox 1848 3447 1976 3511; x_wconf 89' lang='lat' dir='ltr'><strong>qua</strong></span> <span class='ocrx_word' id='word_1_191' title='bbox 2020 3427 2268 3493; x_wconf 81' lang='lat' dir='ltr'><strong>fructus</strong></span> <span class='ocrx_word' id='word_1_192' title='bbox 2313 3428 2632 3493; x_wconf 83' lang='lat' dir='ltr'><strong>maturuit.</strong></span> 
     </span>
    </p>
   </div>
   <div class='ocr_carea' id='block_1_23' title="bbox 1755 3591 2608 3970">
    <p class='ocr_par' dir='ltr' id='par_1_23' title="bbox 1755 3591 2561 3886">
     <span class='ocr_line' id='line_1_54' title="bbox 1758 3591 2536 3678; baseline 0.001 -19"><span class='ocrx_word' id='word_1_193' title='bbox 1758 3591 1816 3659; x_wconf 84' lang='grc'><strong>0</strong></span> <span class='ocrx_word' id='word_1_194' title='bbox 1859 3594 2055 3678; x_wconf 74' lang='lat' dir='ltr'><strong>virgo</strong></span> <span class='ocrx_word' id='word_1_195' title='bbox 2102 3593 2536 3678; x_wconf 81' lang='lat' dir='ltr'><strong>pulcherrima</strong></span> 
     </span>
     <span class='ocr_line' id='line_1_55' title="bbox 1844 3699 2506 3783; baseline 0.005 -21"><span class='ocrx_word' id='word_1_196' title='bbox 1844 3706 1912 3763; x_wconf 89' lang='lat' dir='ltr'><strong>et</strong></span> <span class='ocrx_word' id='word_1_197' title='bbox 1953 3699 2286 3783; x_wconf 80' lang='lat' dir='ltr'><strong>incognita</strong></span> <span class='ocrx_word' id='word_1_198' title='bbox 2327 3700 2506 3783; x_wconf 78' lang='lat' dir='ltr'><strong>vire,</strong></span> 
     </span>
     <span class='ocr_line' id='line_1_56' title="bbox 1755 3802 2561 3886; baseline 0.005 -22"><span class='ocrx_word' id='word_1_199' title='bbox 1755 3819 1878 3886; x_wconf 83' lang='lat' dir='ltr'><strong>per</strong></span> <span class='ocrx_word' id='word_1_200' title='bbox 1923 3810 1988 3867; x_wconf 89' lang='lat' dir='ltr'><strong>te</strong></span> <span class='ocrx_word' id='word_1_201' title='bbox 2024 3802 2390 3886; x_wconf 77' lang='lat' dir='ltr'><strong>junguntur</strong></span> <span class='ocrx_word' id='word_1_202' title='bbox 2432 3805 2561 3868; x_wconf 81' lang='lat' dir='ltr'><strong>ima</strong></span> 
     </span>
    </p>

    <p class='ocr_par' dir='ltr' id='par_1_24' title="bbox 1843 3902 2608 3970">
     <span class='ocr_line' id='line_1_57' title="bbox 1843 3902 2608 3970; baseline -0.001 -1"><span class='ocrx_word' id='word_1_203' title='bbox 1843 3904 2106 3969; x_wconf 79' lang='lat' dir='ltr'><strong>summis</strong></span> <span class='ocrx_word' id='word_1_204' title='bbox 2150 3902 2381 3969; x_wconf 84' lang='lat' dir='ltr'><strong>ordine</strong></span> <span class='ocrx_word' id='word_1_205' title='bbox 2426 3905 2608 3970; x_wconf 87' lang='lat' dir='ltr'><strong>miro.</strong></span> 
     </span>
    </p>
   </div>
   <div class='ocr_carea' id='block_1_24' title="bbox 1566 4063 2655 4360">
    <p class='ocr_par' dir='ltr' id='par_1_25' title="bbox 1566 4063 2655 4360">
     <span class='ocr_line' id='line_1_58' title="bbox 1566 4063 2617 4154; baseline 0.001 -21"><span class='ocrx_word' id='word_1_206' title='bbox 1566 4074 1653 4140; x_wconf 76' lang='lat'><strong>25</strong></span> <span class='ocrx_word' id='word_1_207' title='bbox 1755 4063 1910 4134; x_wconf 76' lang='lat' dir='ltr'><strong>Ave</strong></span> <span class='ocrx_word' id='word_1_208' title='bbox 1952 4067 2183 4152; x_wconf 75' lang='lat' dir='ltr'><strong>virge,</strong></span> <span class='ocrx_word' id='word_1_209' title='bbox 2224 4076 2435 4133; x_wconf 79' lang='lat' dir='ltr'><strong>mater</strong></span> <span class='ocrx_word' id='word_1_210' title='bbox 2476 4068 2617 4154; x_wconf 84' lang='lat' dir='ltr'><strong>dei,</strong></span> 
     </span>
     <span class='ocr_line' id='line_1_59' title="bbox 1755 4171 2494 4255; baseline -0.003 -17"><span class='ocrx_word' id='word_1_211' title='bbox 1755 4176 1828 4238; x_wconf 77' lang='lat' dir='ltr'><strong>tu</strong></span> <span class='ocrx_word' id='word_1_212' title='bbox 1871 4188 2173 4255; x_wconf 75' lang='lat' dir='ltr'><strong>supernae</strong></span> <span class='ocrx_word' id='word_1_213' title='bbox 2219 4173 2320 4237; x_wconf 76' lang='lat' dir='ltr'><strong>sol</strong></span> <span class='ocrx_word' id='word_1_214' title='bbox 2363 4171 2494 4236; x_wconf 86' lang='lat' dir='ltr'><strong>diei</strong></span> 
     </span>
     <span class='ocr_line' id='line_1_60' title="bbox 1842 4273 2655 4360; baseline 0.007 -24"><span class='ocrx_word' id='word_1_215' title='bbox 1842 4280 1911 4337; x_wconf 89' lang='lat' dir='ltr'><strong>et</strong></span> <span class='ocrx_word' id='word_1_216' title='bbox 1950 4273 2172 4339; x_wconf 88' lang='lat' dir='ltr'><strong>mundi</strong></span> <span class='ocrx_word' id='word_1_217' title='bbox 2212 4275 2423 4342; x_wconf 75' lang='lat' dir='ltr'><strong>noetis</strong></span> <span class='ocrx_word' id='word_1_218' title='bbox 2465 4276 2655 4360; x_wconf 72' lang='lat' dir='ltr'><strong>luna3</strong></span> 
     </span>
    </p>
   </div>
   <div class='ocr_carea' id='block_1_25' title="bbox 1559 4437 2625 4753">
    <p class='ocr_par' dir='ltr' id='par_1_26' title="bbox 1559 4437 2625 4753">
     <span class='ocr_line' id='line_1_61' title="bbox 1755 4437 2618 4542; baseline 0.003 -23"><span class='ocrx_word' id='word_1_219' title='bbox 1755 4449 2149 4520; x_wconf 75' lang='lat' dir='ltr'><strong>clementior</strong></span> <span class='ocrx_word' id='word_1_220' title='bbox 2190 4475 2335 4542; x_wconf 78' lang='lat' dir='ltr'><strong>prae</strong></span> <span class='ocrx_word' id='word_1_221' title='bbox 2380 4437 2618 4526; x_wconf 64' lang='lat' dir='ltr'><strong>ceteris</strong></span> 
     </span>
     <span class='ocr_line' id='line_1_62' title="bbox 1752 4560 2625 4646; baseline 0.005 -24"><span class='ocrx_word' id='word_1_222' title='bbox 1752 4574 2061 4628; x_wconf 68' lang='lat' dir='ltr'><strong>succurre</strong></span> <span class='ocrx_word' id='word_1_223' title='bbox 2107 4560 2293 4626; x_wconf 80' lang='lat' dir='ltr'><strong>nobis</strong></span> <span class='ocrx_word' id='word_1_224' title='bbox 2343 4561 2625 4646; x_wconf 71' lang='lat' dir='ltr'><strong>miseris,</strong></span> 
     </span>
     <span class='ocr_line' id='line_1_63' title="bbox 1559 4661 2597 4753; baseline 0.008 -25"><span class='ocrx_word' id='word_1_225' title='bbox 1559 4661 1648 4729; x_wconf 76' lang='lat'><strong>8⁰</strong></span> <span class='ocrx_word' id='word_1_226' title='bbox 1838 4665 2202 4733; x_wconf 80' lang='lat' dir='ltr'><strong>mortalium</strong></span> <span class='ocrx_word' id='word_1_227' title='bbox 2246 4686 2403 4753; x_wconf 72' lang='lat' dir='ltr'><strong>spes</strong></span> <span class='ocrx_word' id='word_1_228' title='bbox 2446 4685 2597 4742; x_wconf 86' lang='lat' dir='ltr'><strong>una.</strong></span> 
     </span>
    </p>
   </div>
   <div class='ocr_carea' id='block_1_26' title="bbox 2976 1372 3045 1438">
    <p class='ocr_par' dir='ltr' id='par_1_27' title="bbox 2976 1372 3045 1438">
     <span class='ocr_line' id='line_1_64' title="bbox 2976 1372 3045 1438; baseline -0.029 0"><span class='ocrx_word' id='word_1_229' title='bbox 2976 1372 3045 1438; x_wconf 71' lang='lat'><strong>8⁵</strong></span> 
     </span>
    </p>
   </div>
   <div class='ocr_carea' id='block_1_27' title="bbox 2959 3812 3036 3878">
    <p class='ocr_par' dir='ltr' id='par_1_28' title="bbox 2959 3812 3036 3878">
     <span class='ocr_line' id='line_1_65' title="bbox 2959 3812 3036 3878; baseline -0.013 0"><span class='ocrx_word' id='word_1_230' title='bbox 2959 3812 3036 3878; x_wconf 74' lang='lat'><strong>5⁵</strong></span> 
     </span>
    </p>
   </div>
   <div class='ocr_carea' id='block_1_28' title="bbox 2945 4460 3031 4527">
    <p class='ocr_par' dir='ltr' id='par_1_29' title="bbox 2945 4460 3031 4527">
     <span class='ocr_line' id='line_1_66' title="bbox 2945 4460 3031 4527; baseline 0 0"><span class='ocrx_word' id='word_1_231' title='bbox 2945 4460 3031 4527; x_wconf 76' lang='lat'><strong>6⁰</strong></span> 
     </span>
    </p>
   </div>
   <div class='ocr_carea' id='block_1_29' title="bbox 3121 2266 3131 3228">
    <p class='ocr_par' dir='ltr' id='par_1_30' title="bbox 3121 2266 3131 3228">
     <span class='ocr_line' id='line_1_67' title="bbox 3121 2266 3131 3228; baseline 0 0"><span class='ocrx_word' id='word_1_232' title='bbox 3121 2266 3131 3228; x_wconf 95' lang='lat' dir='ltr'><strong> </strong></span> 
     </span>
    </p>
   </div>
  </div>
 </body>
</html>
