3167 5242
411 245 544 316 m

588 431 654 487 V.
693 432 778 484 55.
827 429 954 502 vgl.
993 430 1100 486 No.
1134 429 1256 498 328,
1294 430 1344 483 5.
1380 428 1429 482 6.
1499 426 1605 484 Νο.
1639 428 1762 497 326,
1796 429 1919 483 209.

586 516 655 571 V.
693 518 778 580 85.
815 516 899 572 86.
953 515 1059 572 τῶν
1095 514 1271 571 κακῶν
1306 536 1416 587 μου
1451 513 1515 571 τὸ
1550 513 1696 591 βαρὺ
1731 511 1974 592 φόρτιον.
2012 515 2174 571 Mart.
2209 517 2296 570 23.

589 604 655 659 V.
691 604 775 659 88.
827 604 1052 673 sordes»,
1090 603 1205 666 ἰλὺς
1240 600 1460 658 παθῶν.
1518 601 1637 658 Oct.
1675 604 1759 655 17.

582 691 649 746 V.
687 693 774 747 91.
825 701 1009 763 poeni’e
1063 679 1305 746 aeternae.
1383 686 1634 751 κολάσεις
1696 686 1796 745 οὐκ
1856 687 2086 759 ἐχοῦσαι
2148 691 2537 764 παραμυθίαν.
2635 689 2896 762 ΟΙινῃεοεί.
2960 688 3028 743 in

410 796 495 852 ps.
533 781 652 847 123,
691 781 738 833 1.

585 874 652 929 V.
691 877 812 930 113.
866 874 992 931 iter.
1047 873 1281 929 Virtutis
1317 875 1413 928 via
1448 889 1561 929 non
1598 874 1751 944 capit
1782 889 1991 946 magna
2022 889 2201 929 onera
2236 831 2558 946 gestantes3
2595 879 2876 944 angustus
2916 872 3029 928 ad·
3152 857 3153 868 ¹

408 966 632 1022 modum
667 970 874 1021 trames
910 970 1026 1034 est,
1073 980 1178 1036 per
1213 978 1375 1035 quem
1400 962 1632 1036 justitia
1666 963 1943 1019 hominem
1979 962 2200 1019 deducit
2234 962 2291 1016 in
2322 961 2547 1017 coelum.
2612 962 2844 1017 Laetam.
2882 961 3028 1015 inst.
3152 953 3153 984 ¹

410 1054 522 1111 div.
563 1056 615 1124 7,
653 1054 701 1108 1.

3150 1041 3153 1184 s

1161 1334 1333 1408 566.
1404 1332 1660 1407 Oratio
1713 1331 1802 1405 de
1857 1330 1924 1404 b.
1977 1332 2229 1404 Maria.

410 1538 601 1607 Jesse
647 1536 867 1622 proles
887 1585 905 1621 ,
950 1539 1123 1624 pelle
1170 1538 1373 1603 moles
1391 1586 1409 1620 ,

498 1662 646 1726 quae
690 1661 794 1706 me
836 1649 1136 1726 premunt
1182 1643 1502 1708 scelerum

411 1753 607 1829 atque
651 1765 879 1830 pacem
926 1744 1013 1811 da
1056 1764 1360 1811 veracem

496 1849 930 1934 perfectorum
977 1867 1263 1934 operum.

412 2034 888 2102 Fraudulentus
933 2044 1001 2101 et
1045 2044 1351 2102 cruentus
1415 2041 1420 2044 ’
1617 2035 1656 2098 5

496 2139 702 2204 hostis
747 2140 943 2204 instat
990 2141 1310 2222 nimium„

410 2263 643 2328 nempe
680 2251 921 2328 certat,
967 2251 1038 2309 ut
1082 2246 1421 2310 subvertat

498 2367 599 2412 me
646 2367 768 2432 per
813 2349 1026 2414 carnis
1072 2349 1309 2413 vitium.

405 2537 597 2604 Nunc
640 2546 972 2624 patenter,
1020 2557 1192 2604 nunc
1234 2539 1511 2603 latenter

496 2660 627 2709 non
673 2652 887 2710 cessat
929 2644 1214 2726 irruere,
1574 2644 1656 2707 10

413 2760 712 2826 quaerens
757 2753 960 2808 artem
1007 2752 1202 2825 atque
1245 2751 1497 2828 partem

501 2866 632 2931 qua
673 2848 883 2931 possit
928 2848 1283 2932 subripere.

413 3038 825 3110 Conservam
870 3060 972 3105 me
1020 3039 1324 3123 dignare,

500 3146 791 3229 gloriosa
835 3145 1121 3226 domina,

413 3256 483 3313 et
525 3249 729 3315 relide
777 3249 1112 3315 homicidae
1575 3250 1654 3312 15

500 3352 770 3417 furentis
815 3354 1167 3418 conamina.

414 3538 647 3606 Sermo
692 3560 898 3605 vanus
945 3521 1072 3605 aut*
1099 3542 1359 3606 insanus
1473 3623 1478 3628 .

502 3642 654 3707 mihi
698 3659 827 3706 non
872 3641 1217 3727 subripiat,

413 3764 544 3811 non
589 3744 843 3810 auditus
888 3752 1000 3811 aut
1040 3746 1325 3830 pruritus

501 3846 678 3931 gnlae
729 3866 830 3913 me
875 3846 1156 3932 dejiciat.
1572 3850 1658 3914 20

411 4041 559 4108 Non
603 4062 706 4108 me
750 4050 961 4108 tactus
1008 4050 1118 4108 aut
1163 4041 1466 4112 olfactum
1557 4116 1562 4122 ,

499 4146 585 4212 ad
621 4155 958 4231 peecatum
1006 4145 1312 4229 concitet,
1511 4135 1517 4140 ’

411 4269 542 4318 non
586 4270 688 4315 me
732 4251 910 4315 visus
956 4251 1095 4314 sive
1140 4250 1308 4315 risus
1431 4241 1434 4246 ’

500 4366 611 4423 aut
657 4358 837 4422 furor
882 4357 1263 4441 praecipitet.

411 4542 528 4610 sio
571 4546 804 4611 nociva
846 4547 1170 4612 incentiva
1572 4547 1657 4611 25

500 4647 839 4730 sopiantur
879 4635 1176 4734 corporis
1196 4698 1214 4734 ,

1759 1544 1830 1603 ut
1874 1536 2228 1619 frigescant
2272 1543 2339 1600 et
2380 1535 2720 1618 quiescant

1845 1641 2037 1726 pravi
2082 1648 2292 1706 motus
2337 1640 2641 1725 pectoris.

1761 1830 1862 1898 Sit
1904 1852 2140 1908 serena
2183 1850 2363 1896 mens
2407 1840 2476 1896 et
2518 1831 2715 1916 plena

1844 1937 2123 2022 spiritali
2165 1936 2407 2020 gaudio
2424 1984 2441 2017 ,
2940 1939 3029 2004 30

1760 2041 2080 2106 illustrata
2124 2049 2191 2104 et
2233 2047 2518 2124 purgata

1846 2164 2029 2208 verae
2073 2143 2235 2209 lucis
2275 2142 2484 2208 radio.

1762 2329 1979 2400 Meum
2021 2342 2249 2420 pectus
2295 2337 2388 2402 sic
2432 2334 2707 2400 affectus

1851 2440 2138 2505 caritatis
2184 2441 2467 2524 repleat,

1760 2549 1836 2609 ut
1878 2544 1962 2607 ab
2007 2560 2117 2624 eo,
2164 2541 2474 2625 quidquid
2519 2539 2675 2624 dec,
2950 2547 3032 2610 35

1850 2645 2181 2730 displicet,
2224 2653 2578 2710 removeat.

1763 2836 1817 2903 0
1862 2837 2074 2904 Maria
2090 2884 2107 2918 ,
2149 2837 2304 2900 vitae
2348 2836 2458 2900 via
2473 2885 2490 2918 ,

1846 2941 2044 3026 plena
2089 2939 2196 3005 dei
2240 2939 2455 3023 gratia

1760 3048 1929 3116 inter
1976 3044 2166 3110 deum
2212 3053 2279 3108 et
2323 3064 2424 3108 me
2471 3061 2685 3127 reum,

1848 3165 2114 3233 precor,
2159 3155 2229 3211 ut
2272 3147 2362 3210 sis
2407 3145 2636 3211 media.
2920 3149 3033 3212 -40

1762 3336 1989 3403 Funde
2035 3353 2334 3420 precem,
2380 3352 2463 3397 ne
2510 3334 2573 3397 in
2616 3351 2861 3399 necem

1851 3441 2145 3505 decidam
2189 3445 2606 3526 perpetuam,

1764 3551 1835 3611 ut
1879 3546 1996 3608 sim
2043 3551 2260 3610 castus
2306 3550 2501 3624 atque
2548 3541 2756 3606 fastus

1850 3647 2041 3733 hujus
2086 3644 2306 3710 mundi
2348 3662 2668 3729 respuam.

1763 3837 1882 3905 me
1927 3835 2155 3901 doctor
2209 3842 2277 3898 et
2321 3834 2670 3898 instructor
2947 3837 3033 3901 45

1852 3940 2012 4006 assit
2046 3936 2207 4002 mihi
2250 3937 2513 4020 spiritus
2528 3984 2546 4018 ,

1765 4043 1876 4127 qui
1916 4049 1984 4106 te
2024 4037 2328 4106 mundam
2372 4045 2439 4100 et
2483 4035 2839 4128 fecundam

1850 4145 2005 4210 fecit
2048 4162 2196 4208 esse
2242 4142 2514 4208 coelitus.

1760 4340 1911 4423 Illa,
1954 4338 2245 4421 inquam,
2289 4356 2371 4402 ne
2417 4334 2813 4418 delinquam,

1847 4463 1950 4507 me
1997 4448 2345 4507 conservet
2391 4440 2635 4523 gratia,
2944 4440 3027 4504 50

1762 4566 1891 4632 qua
1934 4547 2214 4632 replevit
2257 4553 2353 4629 te,
2399 4545 2507 4628 qui
2544 4543 2727 4612 flevit

1850 4651 2017 4717 inter
2071 4658 2183 4718 tua
2226 4647 2515 4716 brachia.
