3167 5242
360 260 453 343 {8

368 464 383 479 '
444 484 451 491 -
492 462 503 471 '
544 446 615 504 V.
647 447 736 504 15.
772 446 860 503 16.
894 445 1099 503 Tubu&
1134 445 1243 503 Ro.
1276 444 1509 513 32⁶,st
1556 439 1621 501 τὸ
1655 439 1771 523 πῦρ
1805 438 1973 517 βάτον
2005 444 2152 501 eumn
2185 444 2277 501 καὶ
2311 437 2436 501 οὔτε
2471 439 2506 513 ἦ
2543 438 2713 516 βάτος
2743 441 2984 509 ἐκαίετο,

370 530 501 595 οὔτε
534 533 701 593 ἐκεῖνο
736 533 1051 607 ἐσβέννυτο,
1106 529 1221 588 ἀλλ’
1263 529 1551 607 ἀμφότερα
1585 533 1788 604 ἔμεινεν
1821 528 2115 602 ὁμιλοῦντα
2153 526 2404 601 ἀλλήλοις
2437 532 2531 585 καὶ
2565 526 2990 601 ἀναλισκόμενα.

370 625 470 676 καί
503 639 588 675 τοι
621 623 676 674 τί
706 617 1053 696 σαθρότερον
1070 617 1276 694 βάτον,-
1310 624 1365 673 tt
1389 619 1459 681 ds,
1477 619 1657 694 πυρὸς
1683 616 2139 693 καυστικώιερονς
2175 613 2289 673 ἀλλ’
2318 615 2519 688 ὅμως-ἧ
2541 616 2986 692 θαυματουργὸς

369 706 473 767 τοῦ
496 703 642 764 θεοῦ
685 704 915 780 δύναμις
948 703 1483 784 παραδοξοποιοῦσα
1518 703 1807 783 ἀμφότερα
1844 709 1993 762 εἴασε
2027 708 2220 779 μένειν.
2257 706 2512 777 Chry-50⁸1.
2549 704 2620 762 in.
2639 721 2726 776 ps.
2767 708 2895 775 117,
2933 707 2984 760 3.

1380 990 1552 1065 359.
1622 989 1985 1091 Ejusdem.

370 1192 472 1263 De
517 1192 680 1259 Sion
725 1195 925 1259 exivit
968 1201 1158 1260 tenor
1200 1194 1371 1277 legis

368 1304 442 1364 et
484 1298 568 1362 de
612 1297 979 1365 Jerusalem
1023 1302 1293 1365 verbum
1338 1299 1458 1380 dei,

372 1401 473 1467 sio
518 1401 610 1469 ait
645 1408 1005 1485 symmysta
1046 1405 1275 1469 summi
1316 1403 1515 1487 regiS,

369 1506 738 1607 ‹iesperatis
782 1509 1133 1594 inspirator
1181 1510 1343 1594 spei.

372 1668 560 1738 Misit
600 1668 817 1755 legem
862 1674 1129 1759 specula
1176 1693 1477 1760 superna,
1584 1675 1625 1737 5

372 1781 649 1851 verbum
691 1781 875 1867 paois
921 1780 1088 1845 visio
1134 1788 1401 1865 aeterna,

371 1883 677 1961 verbnm,
765 1883 939 1967 quod
1007 1884 1173 1951 fudit
1246 1892 1454 1951 mater
1524 1882 1626 1949 in-

392 2006 401 2015 ·
1109 1998 1312 2074 tacta,

366 2094 643 2160 verbum
654 2141 674 2178 ,
745 2114 868 2180 per
926 2094 1101 2179 quod
1170 2094 1414 2162 saecula
1479 2099 1630 2160 sunt

1103 2200 1296 2267 faeta.
1428 2204 1433 2209 ’

376 2350 524 2427 ‘Hoc
566 2362 838 2433 verbum
878 2361 947 2427 in
989 2370 1178 2429 utero
1213 2362 1454 2447 puellae

368 2460 611 2528 factum
656 2483 813 2529 earo
860 2465 1063 2530 ooelos
1104 2465 1457 2546 inelinavit,
1547 2465 1630 2529 10

368 2561 500 2629 hoo
544 2566 627 2631 ab
663 2565 909 2649 impetn
951 2565 1150 2630 maris
1194 2565 1509 2649 procellae

370 2682 576 2749 super
618 2668 822 2733 ooelos
866 2675 1110 2733 terram
1153 2667 1493 2752 exaltavit,

372 2824 727 2895 Hebetavit
769 2832 1040 2897 sceleris
1086 2833 1432 2918 spinetum,

372 2928 461 2994 de
507 2929 762 3014 spineto
802 2932 1054 2999 faciens
1096 2935 1396 3001 vinetum.

368 3048 536 3117 ergo
592 3049 713 3097 nos
757 3036 1111 3120 terrigenae
1155 3039 1452 3103 laetemnr
1539 3038 1623 3101 15

360 3124 749 3220 hominique
795 3138 922 3206 deo
963 3141 1363 3208 famulemur.

552 3305 672 3365 Ans
707 3305 1008 3365 derselben
1042 3310 1137 3366 Hs.

1727 1194 2044 1262 Torcular
2090 1195 2371 1263 oalo'avit
2413 1194 2555 1278 ipse
2600 1192 2800 1275 soluS,
2987 1274 2994 1281 ·

1726 1304 1988 1368 rubrum
2010 1284 2155 1367 'sibi
2197 1282 2555 1366 'vendicans
2601 1298 2908 1361 amictum
2919 1316 2942 1378 3

1723 1407 1795 1471 in
1837 1407 2022 1491 eujus
2069 1424 2185 1470 ore
2228 1423 2359 1469 non
2403 1403 2523 1467 fuit
2566 1400 2773 1482 dolus,

1725 1518 2014 1574 nostrum
2040 1510 2158 1574 luit
2181 1510 2491 1573 innocens
2524 1505 2846 1571 delictum.
2895 1505 2986 1568 20

1731 1669 1899 1749 Quid
1942 1689 2066 1756 pro
2125 1670 2290 1735 datis
2334 1670 2533 1753 igitur
2575 1666 2928 1732 reddemus
2947 1667 2990 1730 *ὃ

1729 1775 2015 1858 calicem,
2045 1793 2235 1857 quem
2265 1775 2443 1857 bibit,
2473 1772 2645 1839 huno
2663 1771 2990 1854 bibemus,

1729 1880 1959 1947 saltem
2001 1880 2182 1964 passi
2226 1879 2487 1965 spiritus
2530 1893 2908 1942 mueronem

1731 1986 1874 2070 ejus
1918 1986 2234 2050 imitemur
2276 1984 2664 2069 passionem.

1729 2150 1936 2219 Extra
1964 2158 2221 2235 portam
2245 2168 2508 2235 passum
2533 2147 2762 2213 imitati
2895 2147 2994 2210 25

1733 2257 1877 2339 ejus
1920 2256 2360 2340 inproperium
2405 2254 2717 2334 feramus,

1732 2367 1805 2425 nt
1846 2359 1913 2423 in
1958 2377 2153 2424 earne
2190 2358 2421 2442 spiritu
2457 2356 2668 2421 necati

1733 2462 1983 2548 pariter
2026 2481 2171 2529 oum
2214 2463 2359 2547 ipso
2405 2478 2859 2545 resurgamus3

1729 2625 1852 2706 Qui
1929 2632 2274 2712 postquam
2345 2622 2684 2691 descendit
2737 2621 2828 2689 ad.
2877 2621 2992 2687 in-

1879 2760 1886 2765 ·
2485 2729 2704 2809 ferna,

1727 2850 1952 2898 morsu
2022 2831 2326 2897 mordens
2397 2830 2481 2896 de
2558 2829 2786 2895 mortis
2863 2846 2986 2894 oa-

2474 2952 2682 2996 verna
2891 2931 2986 2996 30

1728 3053 1895 3101 voce
1937 3037 2147 3121 prima
2191 3041 2293 3101 est
2335 3034 2771 3116 resuscitatus,

1719 3140 1860 3224 jam
1906 3142 2207 3226 apparuit
2249 3140 2521 3223 ingratis
2565 3145 2810 3222 gratus.

554 3427 626 3480 13
660 3425 915 3485 ebetavit
948 3429 1045 3486 Hs.
1113 3432 1183 3486 21
1221 3428 1501 3486 reddimus
1536 3429 1635 3487 Hs.
1721 3430 1791 3485 31
1829 3433 1921 3486 est
1955 3428 2101 3486 fehlt
2136 3429 2238 3485 der
2271 3430 2367 3487 Hs.

552 3547 621 3603 V.
652 3551 703 3605 3.
751 3551 1047 3624 Hiermtym.
1092 3551 1151 3606 in
1186 3549 1467 3609 Ruffinum
1511 3555 1565 3623 3,
1600 3555 1671 3609 35
1719 3553 1961 3610 braneht
2005 3558 2297 3628 synmystes
2352 3553 2426 3608 im
2462 3552 2634 3609 Sinne
2686 3568 2804 3608 von
2838 3551 2998 3609 Ver..

372 3637 616 3708 muter,
649 3650 773 3692 was
809 3637 935 3694 hier
971 3638 1078 3694 den
1112 3639 1436 3711 Propheten
1470 3640 1649 3696 Isaiae
1683 3641 2027 3713 bezeichnet,
2063 3659 2164 3697 aus
2199 3641 2472 3696 welchem
2508 3656 2629 3712 cap.
2672 3642 2725 3710 2,
2761 3641 2796 3694 3
2837 3642 2994 3712 (ιιικῐ

374 3730 483 3779 ω
517 3722 679 3780 nien
717 3726 772 3793 4,
805 3728 872 3799 2)
911 3725 1012 3781 der
1044 3725 1307 3800 Eingang
1342 3727 1527 3784 dieses
1563 3728 1764 3785 Liedes
1801 3745 2128 3802 genommen
2165 3728 2259 3784 ist.

553 3808 623 3868 V.
655 3811 706 3865 ὅ.
742 3811 793 3865 6.
838 3812 1085 3883 specula
1118 3812 1196 3870 ist
1232 3815 1322 3870 die
1356 3815 1783 3889 Uebersetznng
1817 3832 1929 3872 von
1968 3816 2108 3872 Sion
2141 3814 2255 3871 und
2287 3815 2436 3871 visio
2472 3813 2630 3886 pacis
2663 3829 2781 3870 von
2816 3815 2993 3872 Jeru-

374 3895 585 3967 salem3
645 3897 879 3970 specula
914 3916 1160 3972 superna
1192 3903 1309 3960 und
1340 3904 1491 3961 visio
1526 3904 1688 3977 pacis
1724 3908 1942 3961 aeterna
1977 3904 2102 3962 sind
2137 3903 2313 3959 daher
2333 3902 2611 3965 „bildliehe
2643 3901 2987 3959 Andriake

374 3978 474 4039 ῆι·
509 3982 618 4038 den
651 3983 899 4044 Himmel.
953 3988 1085 4061 Vgl.
1122 3990 1231 4046 No.
1266 3993 1392 4062 251,
1427 3994 1478 4047 1.
1546 3991 1707 4051 Misit
1755 3992 1895 4048 deus
1931 3989 2106 4049 filium
2141 4008 2327 4062 snum,
2372 3988 2584 4048 factum
2626 4007 2697 4047 ex
2729 3991 2989 4062 muliere,

375 4067 590 4127 factum
623 4073 726 4130 snb
762 4074 924 4148 lege;
996 4094 1171 4148 usque
1207 4078 1351 4136 adeo
1389 4095 1651 4152 parvum,
1711 4086 1776 4136 ut
1809 4078 2047 4153 faetum3
2119 4096 2297 4151 eoque
2348 4080 2536 4152 itaque
2571 4079 2829 4150 missum,
2868 4095 2988 4151 qno

376 4154 602 4219 factum.
674 4161 725 4216 si
760 4178 903 4235 ergo
939 4166 1129 4239 major
1160 4165 1334 4222 mittit
1365 4166 1664 4236 minorem,
1724 4164 1967 4223 fatemur
2000 4173 2059 4224 et
2091 4184 2197 4224 nos
2233 4165 2442 4223 factum
2476 4166 2774 4237 minorem,
2830 4171 2891 4222 et
2926 4167 2994 4221 in

378 4244 596 4302 tantum
628 4248 927 4322 minorem,
963 4250 1022 4307 in
1057 4258 1322 4324 qnantum
1356 4251 1594 4324 factum,
1633 4260 1693 4310 et
1724 4254 1785 4310 in
1818 4259 2032 4311 tantum
2067 4252 2302 4326 factum,
2339 4256 2397 4311 in
2432 4260 2696 4326 quantum
2730 4253 2984 4310 missum.

378 4334 645 4405 Δυφωτῡι.
683 4335 753 4393 de
788 4339 963 4396 trinit.
997 4343 1051 4411 4,
1084 4343 1172 4398 26.
1239 4342 1489 4398 Verbum
1522 4343 1767 4414 missum,
1803 4348 1868 4398 nt
1900 4343 2070 4405 homo
2105 4340 2283 4401 fieret.
2335 4344 2464 4400 md.
2500 4358 2548 4400 e.
2580 4346 2669 4400 27.

553 4421 622 4477 V.
661 4426 745 4480 16.
784 4429 867 4481 17.
899 4430 1046 4484 nach
1080 4429 1209 4486 lsai.
1246 4430 1334 4501 63,
1367 4433 1419 4487 2.
1452 4432 1503 4485 3.

554 4509 625 4565 V.
658 4513 748 4568 20.
799 4512 927 4571 Non
963 4520 1091 4573 erat
1123 4516 1227 4572 illa
1262 4516 1538 4589 (christi)
1575 4530 1712 4574 earo
1746 4517 1999 4588 peccati,
2034 4517 2168 4589 quia
2200 4532 2314 4574 non
2351 4516 2420 4574 (le
2455 4516 2688 4575 traduce
2721 4515 2994 4575 mortali-

371 4594 514 4651 tatis
547 4595 607 4651 in
642 4599 878 4657 Mariam
912 4620 1018 4674 per
1049 4605 1375 4662 masculum
1388 4610 1642 4662 venerat.
1705 4606 1972 4676 Any-miin-
2007 4610 2155 4661 cont.
2189 4605 2377 4662 Faust.
2414 4607 2499 4678 14,
2537 4607 2586 4662 ὅ.

550 4685 621 4743 V.
655 4689 749 4747 25.
794 4688 973 4749 Extra
1004 4699 1258 4769 portam,
1293 4694 1414 4769 vgl.
1449 4700 1615 4752 extra
1646 4694 1868 4752 vineam
1900 4693 1995 4752 bei
2026 4695 2220 4755 natth.
2236 4696 2345 4768 21,
2379 4695 2470 4752 89.
