<?xml version="1.0" encoding="UTF-8"?>
<!DOCTYPE html PUBLIC "-//W3C//DTD XHTML 1.0 Transitional//EN"
    "http://www.w3.org/TR/xhtml1/DTD/xhtml1-transitional.dtd">
<html xmlns="http://www.w3.org/1999/xhtml" xml:lang="en" lang="en">
 <head>
  <title>
</title>
<meta http-equiv="Content-Type" content="text/html;charset=utf-8" />
  <meta name='ocr-system' content='tesseract 3.04.00' />
  <meta name='ocr-capabilities' content='ocr_page ocr_carea ocr_par ocr_line ocrx_word'/>
</head>
<body>
  <div class='ocr_page' id='page_1' title='image "./lateinischehymn03monegoog_0426.png"; bbox 0 0 3167 5242; ppageno 0'>
   <div class='ocr_carea' id='block_1_1' title="bbox 401 469 3041 3374">
    <p class='ocr_par' dir='ltr' id='par_1_1' title="bbox 415 469 2643 556">
     <span class='ocr_line' id='line_1_1' title="bbox 415 469 2643 556; baseline 0 -20"><span class='ocrx_word' id='word_1_1' title='bbox 415 469 470 536; x_wconf 86' lang='lat'>0</span> <span class='ocrx_word' id='word_1_2' title='bbox 516 470 773 536; x_wconf 87' lang='lat' dir='ltr'><strong>domina</strong></span> <span class='ocrx_word' id='word_1_3' title='bbox 814 470 1141 555; x_wconf 86' lang='lat' dir='ltr'><strong>piissima,</strong></span> <span class='ocrx_word' id='word_1_4' title='bbox 1578 473 1661 535; x_wconf 85' lang='grc'><strong>65</strong></span> <span class='ocrx_word' id='word_1_5' title='bbox 1765 471 2026 556; x_wconf 80' lang='lat' dir='ltr'><strong>Pauper</strong></span> <span class='ocrx_word' id='word_1_6' title='bbox 2071 472 2241 537; x_wconf 87' lang='lat' dir='ltr'><strong>enim</strong></span> <span class='ocrx_word' id='word_1_7' title='bbox 2287 479 2353 536; x_wconf 85' lang='lat' dir='ltr'><strong>et</strong></span> <span class='ocrx_word' id='word_1_8' title='bbox 2394 492 2643 556; x_wconf 84' lang='lat' dir='ltr'><strong>egenus</strong></span> 
     </span>
    </p>

    <p class='ocr_par' dir='ltr' id='par_1_2' title="bbox 414 574 3041 763">
     <span class='ocr_line' id='line_1_2' title="bbox 416 574 3041 660; baseline 0.002 -21"><span class='ocrx_word' id='word_1_9' title='bbox 416 576 588 640; x_wconf 86' lang='lat' dir='ltr'><strong>omni</strong></span> <span class='ocrx_word' id='word_1_10' title='bbox 629 574 822 640; x_wconf 89' lang='lat' dir='ltr'><strong>laude</strong></span> <span class='ocrx_word' id='word_1_11' title='bbox 869 574 1271 659; x_wconf 83' lang='lat' dir='ltr'><strong>dignissima,</strong></span> <span class='ocrx_word' id='word_1_12' title='bbox 1768 595 1807 639; x_wconf 98' lang='lat' dir='ltr'><strong>a</strong></span> <span class='ocrx_word' id='word_1_13' title='bbox 1854 574 1979 639; x_wconf 90' lang='lat' dir='ltr'><strong>deo</strong></span> <span class='ocrx_word' id='word_1_14' title='bbox 2026 594 2165 640; x_wconf 91' lang='lat' dir='ltr'><strong>sum</strong></span> <span class='ocrx_word' id='word_1_15' title='bbox 2212 577 2460 642; x_wconf 88' lang='lat' dir='ltr'><strong>alienus</strong></span> <span class='ocrx_word' id='word_1_16' title='bbox 2480 627 2496 660; x_wconf 94' lang='lat'>,</span> <span class='ocrx_word' id='word_1_17' title='bbox 2947 580 3041 645; x_wconf 79' lang='lat'><strong>90</strong></span> 
     </span>
     <span class='ocr_line' id='line_1_3' title="bbox 414 677 2552 763; baseline 0.001 -20"><span class='ocrx_word' id='word_1_18' title='bbox 414 678 522 745; x_wconf 83' lang='lat' dir='ltr'><strong>fac</strong></span> <span class='ocrx_word' id='word_1_19' title='bbox 565 699 666 743; x_wconf 88' lang='lat' dir='ltr'><strong>me</strong></span> <span class='ocrx_word' id='word_1_20' title='bbox 711 679 906 763; x_wconf 80' lang='lat' dir='ltr'><strong>digne</strong></span> <span class='ocrx_word' id='word_1_21' title='bbox 951 689 1017 744; x_wconf 92' lang='lat' dir='ltr'><strong>te</strong></span> <span class='ocrx_word' id='word_1_22' title='bbox 1062 679 1333 746; x_wconf 88' lang='lat' dir='ltr'><strong>laudare</strong></span> <span class='ocrx_word' id='word_1_23' title='bbox 1352 727 1371 762; x_wconf 90' lang='lat'><strong><em>,</em></strong></span> <span class='ocrx_word' id='word_1_24' title='bbox 1768 677 2114 744; x_wconf 87' lang='lat' dir='ltr'><strong>adversum</strong></span> <span class='ocrx_word' id='word_1_25' title='bbox 2156 700 2257 745; x_wconf 90' lang='lat' dir='ltr'><strong>me</strong></span> <span class='ocrx_word' id='word_1_26' title='bbox 2302 681 2552 745; x_wconf 84' lang='lat' dir='ltr'>irritavi</span> 
     </span>
    </p>

    <p class='ocr_par' dir='ltr' id='par_1_3' title="bbox 414 781 2845 870">
     <span class='ocr_line' id='line_1_4' title="bbox 414 781 2845 870; baseline 0 -23"><span class='ocrx_word' id='word_1_27' title='bbox 414 785 718 850; x_wconf 83' lang='lat' dir='ltr'><strong>venerari</strong></span> <span class='ocrx_word' id='word_1_28' title='bbox 762 793 828 849; x_wconf 88' lang='lat' dir='ltr'><strong>et</strong></span> <span class='ocrx_word' id='word_1_29' title='bbox 872 804 1109 849; x_wconf 90' lang='lat' dir='ltr'><strong>amare.</strong></span> <span class='ocrx_word' id='word_1_30' title='bbox 1767 781 1985 866; x_wconf 87' lang='lat' dir='ltr'><strong>deum,</strong></span> <span class='ocrx_word' id='word_1_31' title='bbox 2030 784 2096 847; x_wconf 91' lang='lat' dir='ltr'><strong>iu</strong></span> <span class='ocrx_word' id='word_1_32' title='bbox 2143 804 2331 868; x_wconf 89' lang='lat' dir='ltr'><strong>quem</strong></span> <span class='ocrx_word' id='word_1_33' title='bbox 2375 793 2505 850; x_wconf 84' lang='lat' dir='ltr'><strong>tam</strong></span> <span class='ocrx_word' id='word_1_34' title='bbox 2549 785 2845 870; x_wconf 84' lang='lat' dir='ltr'><strong>peccavi.</strong></span> 
     </span>
    </p>

    <p class='ocr_par' dir='ltr' id='par_1_4' title="bbox 416 972 2526 1057">
     <span class='ocr_line' id='line_1_5' title="bbox 416 972 2526 1057; baseline -0.001 -16"><span class='ocrx_word' id='word_1_35' title='bbox 416 974 469 1041; x_wconf 92' lang='grc' dir='ltr'>Ο</span> <span class='ocrx_word' id='word_1_36' title='bbox 515 975 770 1041; x_wconf 88' lang='lat' dir='ltr'><strong>domina</strong></span> <span class='ocrx_word' id='word_1_37' title='bbox 818 973 942 1038; x_wconf 89' lang='lat' dir='ltr'><strong>deo</strong></span> <span class='ocrx_word' id='word_1_38' title='bbox 989 991 1179 1054; x_wconf 82' lang='lat' dir='ltr'><strong>cara,</strong></span> <span class='ocrx_word' id='word_1_39' title='bbox 1764 973 1968 1038; x_wconf 87' lang='lat' dir='ltr'><strong>Deum</strong></span> <span class='ocrx_word' id='word_1_40' title='bbox 2013 973 2165 1038; x_wconf 88' lang='lat' dir='ltr'><strong>mihi</strong></span> <span class='ocrx_word' id='word_1_41' title='bbox 2211 972 2489 1057; x_wconf 80' lang='lat' dir='ltr'><strong>pacifica</strong></span> <span class='ocrx_word' id='word_1_42' title='bbox 2508 1022 2526 1054; x_wconf 89' lang='lat'>‚</span> 
     </span>
    </p>

    <p class='ocr_par' dir='ltr' id='par_1_5' title="bbox 415 1072 2524 1161">
     <span class='ocr_line' id='line_1_6' title="bbox 415 1072 2524 1161; baseline 0.001 -19"><span class='ocrx_word' id='word_1_43' title='bbox 415 1078 618 1161; x_wconf 81' lang='lat' dir='ltr'><strong>stirpe</strong></span> <span class='ocrx_word' id='word_1_44' title='bbox 666 1075 904 1140; x_wconf 88' lang='lat' dir='ltr'><strong>decens</strong></span> <span class='ocrx_word' id='word_1_45' title='bbox 951 1083 1017 1137; x_wconf 87' lang='lat' dir='ltr'><strong>et</strong></span> <span class='ocrx_word' id='word_1_46' title='bbox 1059 1072 1415 1158; x_wconf 64' lang='lat' dir='ltr'><strong>praeclara,</strong></span> <span class='ocrx_word' id='word_1_47' title='bbox 1575 1074 1661 1134; x_wconf 79' lang='grc'><strong>’10</strong></span> <span class='ocrx_word' id='word_1_48' title='bbox 1768 1077 1874 1141; x_wconf 87' lang='lat' dir='ltr'><strong>dei</strong></span> <span class='ocrx_word' id='word_1_49' title='bbox 1918 1086 2127 1143; x_wconf 85' lang='lat' dir='ltr'><strong>mater</strong></span> <span class='ocrx_word' id='word_1_50' title='bbox 2170 1086 2237 1143; x_wconf 86' lang='lat' dir='ltr'><strong>et</strong></span> <span class='ocrx_word' id='word_1_51' title='bbox 2281 1079 2524 1161; x_wconf 86' lang='lat' dir='ltr'><strong>amica,</strong></span> 
     </span>
    </p>

    <p class='ocr_par' dir='ltr' id='par_1_6' title="bbox 412 1178 3037 1365">
     <span class='ocr_line' id='line_1_7' title="bbox 415 1178 3037 1267; baseline -0 -21"><span class='ocrx_word' id='word_1_52' title='bbox 415 1180 532 1246; x_wconf 86' lang='lat' dir='ltr'><strong>sed</strong></span> <span class='ocrx_word' id='word_1_53' title='bbox 576 1180 818 1244; x_wconf 89' lang='lat' dir='ltr'><strong>meritis</strong></span> <span class='ocrx_word' id='word_1_54' title='bbox 861 1178 1244 1261; x_wconf 73' lang='lat' dir='ltr'><strong>praeclarior</strong></span> <span class='ocrx_word' id='word_1_55' title='bbox 1765 1181 1911 1247; x_wconf 85' lang='lat' dir='ltr'><strong>haec</strong></span> <span class='ocrx_word' id='word_1_56' title='bbox 1954 1191 2019 1247; x_wconf 84' lang='lat' dir='ltr'><strong>te</strong></span> <span class='ocrx_word' id='word_1_57' title='bbox 2064 1201 2262 1267; x_wconf 89' lang='lat' dir='ltr'><strong>posse</strong></span> <span class='ocrx_word' id='word_1_58' title='bbox 2307 1183 2687 1266; x_wconf 87' lang='lat' dir='ltr'><strong>impetrare,</strong></span> <span class='ocrx_word' id='word_1_59' title='bbox 2944 1187 3037 1248; x_wconf 79' lang='grc'><strong>95</strong></span> 
     </span>
     <span class='ocr_line' id='line_1_8' title="bbox 412 1281 2583 1365; baseline -0.001 -15"><span class='ocrx_word' id='word_1_60' title='bbox 412 1285 825 1365; x_wconf 81' lang='lat' dir='ltr'><strong>moribusque</strong></span> <span class='ocrx_word' id='word_1_61' title='bbox 871 1281 1165 1344; x_wconf 85' lang='lat' dir='ltr'><strong>nobilior·</strong></span> <span class='ocrx_word' id='word_1_62' title='bbox 1766 1285 1978 1350; x_wconf 87' lang='lat' dir='ltr'><strong>nullus</strong></span> <span class='ocrx_word' id='word_1_63' title='bbox 2026 1285 2222 1350; x_wconf 89' lang='lat' dir='ltr'><strong>debet</strong></span> <span class='ocrx_word' id='word_1_64' title='bbox 2266 1284 2583 1350; x_wconf 83' lang='lat' dir='ltr'><strong>dubitare.</strong></span> 
     </span>
    </p>

    <p class='ocr_par' dir='ltr' id='par_1_7' title="bbox 413 1472 2693 1661">
     <span class='ocr_line' id='line_1_9' title="bbox 416 1472 2693 1559; baseline -0 -19"><span class='ocrx_word' id='word_1_65' title='bbox 416 1473 469 1540; x_wconf 92' lang='grc' dir='ltr'><strong>Ο</strong></span> <span class='ocrx_word' id='word_1_66' title='bbox 516 1476 773 1542; x_wconf 87' lang='lat' dir='ltr'><strong>domina</strong></span> <span class='ocrx_word' id='word_1_67' title='bbox 818 1472 1219 1555; x_wconf 84' lang='lat' dir='ltr'><strong>gratissima,</strong></span> <span class='ocrx_word' id='word_1_68' title='bbox 1767 1473 1820 1540; x_wconf 92' lang='grc' dir='ltr'><strong>Ο</strong></span> <span class='ocrx_word' id='word_1_69' title='bbox 1865 1475 2188 1559; x_wconf 85' lang='lat' dir='ltr'><strong>praeclara</strong></span> <span class='ocrx_word' id='word_1_70' title='bbox 2233 1476 2425 1539; x_wconf 87' lang='lat' dir='ltr'><strong>stella</strong></span> <span class='ocrx_word' id='word_1_71' title='bbox 2467 1475 2693 1556; x_wconf 85' lang='lat' dir='ltr'><strong>maris,</strong></span> 
     </span>
     <span class='ocr_line' id='line_1_10' title="bbox 413 1576 2652 1661; baseline -0.002 -15"><span class='ocrx_word' id='word_1_72' title='bbox 413 1581 755 1647; x_wconf 83' lang='lat' dir='ltr'><strong>virtutibus</strong></span> <span class='ocrx_word' id='word_1_73' title='bbox 802 1576 1143 1657; x_wconf 84' lang='lat' dir='ltr'><strong>ditissima,</strong></span> <span class='ocrx_word' id='word_1_74' title='bbox 1767 1597 1912 1661; x_wconf 81' lang='lat' dir='ltr'><strong>quae</strong></span> <span class='ocrx_word' id='word_1_75' title='bbox 1958 1598 2101 1643; x_wconf 89' lang='lat' dir='ltr'><strong>cum</strong></span> <span class='ocrx_word' id='word_1_76' title='bbox 2146 1578 2272 1641; x_wconf 88' lang='lat' dir='ltr'><strong>deo</strong></span> <span class='ocrx_word' id='word_1_77' title='bbox 2317 1579 2652 1661; x_wconf 83' lang='lat' dir='ltr'><strong>gloriaris,</strong></span> 
     </span>
    </p>

    <p class='ocr_par' dir='ltr' id='par_1_8' title="bbox 414 1678 2750 1766">
     <span class='ocr_line' id='line_1_11' title="bbox 414 1678 2750 1766; baseline -0.003 -16"><span class='ocrx_word' id='word_1_78' title='bbox 414 1686 583 1751; x_wconf 87' lang='lat' dir='ltr'><strong>omni</strong></span> <span class='ocrx_word' id='word_1_79' title='bbox 630 1686 802 1748; x_wconf 80' lang='lat' dir='ltr'><strong>bono</strong></span> <span class='ocrx_word' id='word_1_80' title='bbox 846 1689 975 1746; x_wconf 86' lang='lat' dir='ltr'><strong>tam</strong></span> <span class='ocrx_word' id='word_1_81' title='bbox 1020 1678 1297 1745; x_wconf 89' lang='lat' dir='ltr'><strong>fecunda</strong></span> <span class='ocrx_word' id='word_1_82' title='bbox 1320 1729 1338 1763; x_wconf 87' lang='lat'><strong>,</strong></span> <span class='ocrx_word' id='word_1_83' title='bbox 1577 1684 1659 1744; x_wconf 79' lang='grc'><strong>’75</strong></span> <span class='ocrx_word' id='word_1_84' title='bbox 1763 1703 1864 1747; x_wconf 87' lang='lat' dir='ltr'><strong>me</strong></span> <span class='ocrx_word' id='word_1_85' title='bbox 1912 1682 1996 1747; x_wconf 88' lang='lat' dir='ltr'><strong>ad</strong></span> <span class='ocrx_word' id='word_1_86' title='bbox 2039 1690 2297 1766; x_wconf 76' lang='lat' dir='ltr'><strong>portum</strong></span> <span class='ocrx_word' id='word_1_87' title='bbox 2342 1683 2450 1747; x_wconf 87' lang='lat' dir='ltr'><strong>fac</strong></span> <span class='ocrx_word' id='word_1_88' title='bbox 2495 1683 2750 1763; x_wconf 86' lang='lat' dir='ltr'><strong>venire,</strong></span> 
     </span>
    </p>

    <p class='ocr_par' dir='ltr' id='par_1_9' title="bbox 408 1782 3034 2062">
     <span class='ocr_line' id='line_1_12' title="bbox 412 1782 3034 1871; baseline 0 -20"><span class='ocrx_word' id='word_1_89' title='bbox 412 1786 588 1871; x_wconf 89' lang='lat' dir='ltr'><strong>quod</strong></span> <span class='ocrx_word' id='word_1_90' title='bbox 633 1786 789 1849; x_wconf 88' lang='lat' dir='ltr'><strong>nulli</strong></span> <span class='ocrx_word' id='word_1_91' title='bbox 834 1803 906 1848; x_wconf 89' lang='lat' dir='ltr'><strong>es</strong></span> <span class='ocrx_word' id='word_1_92' title='bbox 950 1782 1077 1847; x_wconf 88' lang='lat' dir='ltr'><strong>hoc</strong></span> <span class='ocrx_word' id='word_1_93' title='bbox 1123 1782 1426 1848; x_wconf 88' lang='lat' dir='ltr'><strong>secunda.</strong></span> <span class='ocrx_word' id='word_1_94' title='bbox 1762 1806 2085 1869; x_wconf 87' lang='lat' dir='ltr'><strong>nunquam</strong></span> <span class='ocrx_word' id='word_1_95' title='bbox 2132 1787 2304 1850; x_wconf 86' lang='lat' dir='ltr'><strong>sinas</strong></span> <span class='ocrx_word' id='word_1_96' title='bbox 2348 1806 2452 1849; x_wconf 90' lang='lat' dir='ltr'><strong>me</strong></span> <span class='ocrx_word' id='word_1_97' title='bbox 2493 1786 2744 1870; x_wconf 85' lang='lat' dir='ltr'><strong>perire!</strong></span> <span class='ocrx_word' id='word_1_98' title='bbox 2898 1788 3034 1852; x_wconf 86' lang='lat'><strong>100</strong></span> 
     </span>
     <span class='ocr_line' id='line_1_13' title="bbox 408 1976 2595 2062; baseline 0 -20"><span class='ocrx_word' id='word_1_99' title='bbox 408 1977 620 2059; x_wconf 83' lang='lat' dir='ltr'><strong>Virgo</strong></span> <span class='ocrx_word' id='word_1_100' title='bbox 665 1995 922 2059; x_wconf 82' lang='lat' dir='ltr'><strong>semper</strong></span> <span class='ocrx_word' id='word_1_101' title='bbox 965 1982 1114 2039; x_wconf 86' lang='lat' dir='ltr'><strong>ante</strong></span> <span class='ocrx_word' id='word_1_102' title='bbox 1159 1982 1415 2059; x_wconf 86' lang='lat' dir='ltr'><strong>partum</strong></span> <span class='ocrx_word' id='word_1_103' title='bbox 1765 1976 1818 2043; x_wconf 92' lang='grc' dir='ltr'><strong>Ο</strong></span> <span class='ocrx_word' id='word_1_104' title='bbox 1864 1979 2105 2054; x_wconf 79' lang='lat' dir='ltr'><strong>Maria,</strong></span> <span class='ocrx_word' id='word_1_105' title='bbox 2149 1980 2364 2044; x_wconf 85' lang='lat' dir='ltr'><strong>lumen</strong></span> <span class='ocrx_word' id='word_1_106' title='bbox 2410 1979 2595 2062; x_wconf 85' lang='lat' dir='ltr'><strong>vitae‚</strong></span> 
     </span>
    </p>

    <p class='ocr_par' dir='ltr' id='par_1_10' title="bbox 412 2081 2652 2166">
     <span class='ocr_line' id='line_1_14' title="bbox 412 2081 2652 2166; baseline 0 -21"><span class='ocrx_word' id='word_1_107' title='bbox 412 2090 478 2146; x_wconf 84' lang='lat' dir='ltr'><strong>et</strong></span> <span class='ocrx_word' id='word_1_108' title='bbox 520 2081 588 2145; x_wconf 90' lang='lat' dir='ltr'><strong>in</strong></span> <span class='ocrx_word' id='word_1_109' title='bbox 637 2087 828 2163; x_wconf 87' lang='lat' dir='ltr'><strong>partu</strong></span> <span class='ocrx_word' id='word_1_110' title='bbox 874 2086 940 2143; x_wconf 87' lang='lat' dir='ltr'><strong>et</strong></span> <span class='ocrx_word' id='word_1_111' title='bbox 983 2086 1134 2162; x_wconf 85' lang='lat' dir='ltr'><strong>post</strong></span> <span class='ocrx_word' id='word_1_112' title='bbox 1176 2087 1433 2161; x_wconf 84' lang='lat' dir='ltr'><strong>partum</strong></span> <span class='ocrx_word' id='word_1_113' title='bbox 1766 2102 1889 2166; x_wconf 84' lang='lat' dir='ltr'><strong>per</strong></span> <span class='ocrx_word' id='word_1_114' title='bbox 1933 2090 2000 2145; x_wconf 90' lang='lat' dir='ltr'><strong>te</strong></span> <span class='ocrx_word' id='word_1_115' title='bbox 2045 2083 2232 2149; x_wconf 88' lang='lat' dir='ltr'><strong>nobis</strong></span> <span class='ocrx_word' id='word_1_116' title='bbox 2274 2083 2652 2166; x_wconf 84' lang='lat' dir='ltr'><strong>impertitae,</strong></span> 
     </span>
    </p>

    <p class='ocr_par' dir='ltr' id='par_1_11' title="bbox 401 2182 2632 2269">
     <span class='ocr_line' id='line_1_15' title="bbox 401 2182 2632 2269; baseline 0 -20"><span class='ocrx_word' id='word_1_117' title='bbox 401 2186 556 2269; x_wconf 91' lang='lat' dir='ltr'><strong>jure</strong></span> <span class='ocrx_word' id='word_1_118' title='bbox 603 2184 849 2249; x_wconf 86' lang='lat' dir='ltr'><strong>cunctis</strong></span> <span class='ocrx_word' id='word_1_119' title='bbox 894 2201 970 2249; x_wconf 85' lang='lat' dir='ltr'><strong>es</strong></span> <span class='ocrx_word' id='word_1_120' title='bbox 1009 2182 1319 2267; x_wconf 78' lang='lat' dir='ltr'><strong>praelata,</strong></span> <span class='ocrx_word' id='word_1_121' title='bbox 1770 2187 1959 2250; x_wconf 86' lang='lat' dir='ltr'><strong>visita</strong></span> <span class='ocrx_word' id='word_1_122' title='bbox 2004 2205 2105 2249; x_wconf 94' lang='lat' dir='ltr'><strong>me</strong></span> <span class='ocrx_word' id='word_1_123' title='bbox 2152 2203 2411 2249; x_wconf 82' lang='lat' dir='ltr'><strong>servum</strong></span> <span class='ocrx_word' id='word_1_124' title='bbox 2456 2194 2632 2250; x_wconf 87' lang='lat' dir='ltr'><strong>tuum</strong></span> 
     </span>
    </p>

    <p class='ocr_par' dir='ltr' id='par_1_12' title="bbox 410 2288 2684 2373">
     <span class='ocr_line' id='line_1_16' title="bbox 410 2288 2684 2373; baseline 0 -20"><span class='ocrx_word' id='word_1_125' title='bbox 410 2308 608 2372; x_wconf 90' lang='lat' dir='ltr'><strong>super</strong></span> <span class='ocrx_word' id='word_1_126' title='bbox 653 2307 874 2353; x_wconf 87' lang='lat' dir='ltr'><strong>omnes</strong></span> <span class='ocrx_word' id='word_1_127' title='bbox 919 2288 1221 2353; x_wconf 82' lang='lat' dir='ltr'><strong>exaltata.</strong></span> <span class='ocrx_word' id='word_1_128' title='bbox 1571 2288 1655 2351; x_wconf 88' lang='grc'><strong>80</strong></span> <span class='ocrx_word' id='word_1_129' title='bbox 1766 2290 1831 2353; x_wconf 91' lang='lat' dir='ltr'><strong>iu</strong></span> <span class='ocrx_word' id='word_1_130' title='bbox 1875 2290 2162 2373; x_wconf 83' lang='lat' dir='ltr'><strong>peccatis</strong></span> <span class='ocrx_word' id='word_1_131' title='bbox 2209 2298 2684 2373; x_wconf 80' lang='lat' dir='ltr'><strong>praemortuum.</strong></span> 
     </span>
    </p>

    <p class='ocr_par' dir='ltr' id='par_1_13' title="bbox 405 2477 3035 2767">
     <span class='ocr_line' id='line_1_17' title="bbox 407 2477 3035 2564; baseline 0 -20"><span class='ocrx_word' id='word_1_132' title='bbox 407 2478 685 2564; x_wconf 80' lang='lat' dir='ltr'><strong>Semper</strong></span> <span class='ocrx_word' id='word_1_133' title='bbox 728 2487 940 2561; x_wconf 88' lang='lat' dir='ltr'><strong>casta,</strong></span> <span class='ocrx_word' id='word_1_134' title='bbox 988 2497 1246 2561; x_wconf 77' lang='lat' dir='ltr'><strong>semper</strong></span> <span class='ocrx_word' id='word_1_135' title='bbox 1292 2497 1489 2562; x_wconf 85' lang='lat' dir='ltr'><strong>pura,</strong></span> <span class='ocrx_word' id='word_1_136' title='bbox 1767 2477 1820 2541; x_wconf 90' lang='grc' dir='ltr'>Ο</span> <span class='ocrx_word' id='word_1_137' title='bbox 1866 2478 2108 2562; x_wconf 82' lang='lat' dir='ltr'><strong>Maria,</strong></span> <span class='ocrx_word' id='word_1_138' title='bbox 2152 2478 2274 2543; x_wconf 89' lang='lat' dir='ltr'><strong>flos</strong></span> <span class='ocrx_word' id='word_1_139' title='bbox 2318 2480 2673 2562; x_wconf 82' lang='lat' dir='ltr'><strong>virgiuum,</strong></span> <span class='ocrx_word' id='word_1_140' title='bbox 2995 2483 3035 2545; x_wconf 82' lang='lat'>5</span> 
     </span>
     <span class='ocr_line' id='line_1_18' title="bbox 408 2582 2727 2667; baseline -0 -19"><span class='ocrx_word' id='word_1_141' title='bbox 408 2602 668 2667; x_wconf 80' lang='lat' dir='ltr'><strong>semper</strong></span> <span class='ocrx_word' id='word_1_142' title='bbox 713 2582 838 2647; x_wconf 84' lang='lat' dir='ltr'><strong>deo</strong></span> <span class='ocrx_word' id='word_1_143' title='bbox 883 2582 1233 2667; x_wconf 85' lang='lat' dir='ltr'><strong>placitura,</strong></span> <span class='ocrx_word' id='word_1_144' title='bbox 1766 2599 1883 2645; x_wconf 87' lang='lat' dir='ltr'><strong>ora</strong></span> <span class='ocrx_word' id='word_1_145' title='bbox 1926 2600 2049 2666; x_wconf 87' lang='lat' dir='ltr'><strong>pro</strong></span> <span class='ocrx_word' id='word_1_146' title='bbox 2094 2602 2197 2648; x_wconf 91' lang='lat' dir='ltr'><strong>me</strong></span> <span class='ocrx_word' id='word_1_147' title='bbox 2242 2583 2328 2647; x_wconf 84' lang='lat' dir='ltr'><strong>ad</strong></span> <span class='ocrx_word' id='word_1_148' title='bbox 2374 2582 2727 2666; x_wconf 89' lang='lat' dir='ltr'><strong>domiuum,</strong></span> 
     </span>
     <span class='ocr_line' id='line_1_19' title="bbox 405 2682 2451 2767; baseline -0 -17"><span class='ocrx_word' id='word_1_149' title='bbox 405 2704 733 2767; x_wconf 86' lang='lat' dir='ltr'><strong>nunquam</strong></span> <span class='ocrx_word' id='word_1_150' title='bbox 776 2684 970 2766; x_wconf 83' lang='lat' dir='ltr'><strong>levis,</strong></span> <span class='ocrx_word' id='word_1_151' title='bbox 1016 2702 1338 2764; x_wconf 88' lang='lat' dir='ltr'><strong>nunquam</strong></span> <span class='ocrx_word' id='word_1_152' title='bbox 1382 2702 1572 2765; x_wconf 81' lang='lat' dir='ltr'><strong>vana,</strong></span> <span class='ocrx_word' id='word_1_153' title='bbox 1764 2692 1835 2746; x_wconf 84' lang='lat' dir='ltr'><strong>ut</strong></span> <span class='ocrx_word' id='word_1_154' title='bbox 1879 2682 1964 2746; x_wconf 90' lang='lat' dir='ltr'><strong>ad</strong></span> <span class='ocrx_word' id='word_1_155' title='bbox 2009 2685 2157 2748; x_wconf 88' lang='lat' dir='ltr'><strong>coeli</strong></span> <span class='ocrx_word' id='word_1_156' title='bbox 2200 2683 2451 2767; x_wconf 85' lang='lat' dir='ltr'><strong>palatia</strong></span> 
     </span>
    </p>

    <p class='ocr_par' dir='ltr' id='par_1_14' title="bbox 408 2775 2566 2872">
     <span class='ocr_line' id='line_1_20' title="bbox 408 2775 2566 2872; baseline -0.001 -19"><span class='ocrx_word' id='word_1_157' title='bbox 408 2807 488 2854; x_wconf 84' lang='lat' dir='ltr'><strong>ac</strong></span> <span class='ocrx_word' id='word_1_158' title='bbox 531 2789 587 2851; x_wconf 90' lang='lat' dir='ltr'><strong>si</strong></span> <span class='ocrx_word' id='word_1_159' title='bbox 632 2806 810 2851; x_wconf 92' lang='lat' dir='ltr'><strong>esses</strong></span> <span class='ocrx_word' id='word_1_160' title='bbox 846 2775 984 2851; x_wconf 76' lang='lat' dir='ltr'><strong>‘hon</strong></span> <span class='ocrx_word' id='word_1_161' title='bbox 1028 2788 1321 2854; x_wconf 86' lang='lat' dir='ltr'><strong>humana.</strong></span> <span class='ocrx_word' id='word_1_162' title='bbox 1762 2789 2137 2870; x_wconf 82' lang='lat' dir='ltr'><strong>perveniam</strong></span> <span class='ocrx_word' id='word_1_163' title='bbox 2178 2796 2242 2851; x_wconf 88' lang='lat' dir='ltr'><strong>te</strong></span> <span class='ocrx_word' id='word_1_164' title='bbox 2288 2786 2566 2872; x_wconf 63' lang='lat' dir='ltr'><strong>praeviA,</strong></span> 
     </span>
    </p>

    <p class='ocr_par' dir='ltr' id='par_1_15' title="bbox 406 2974 2693 3061">
     <span class='ocr_line' id='line_1_21' title="bbox 406 2974 2693 3061; baseline 0.001 -20"><span class='ocrx_word' id='word_1_165' title='bbox 406 2974 461 3041; x_wconf 86' lang='lat'>0</span> <span class='ocrx_word' id='word_1_166' title='bbox 510 2977 766 3042; x_wconf 90' lang='lat' dir='ltr'><strong>domina</strong></span> <span class='ocrx_word' id='word_1_167' title='bbox 811 2975 1242 3061; x_wconf 83' lang='lat' dir='ltr'><strong>dominarum,</strong></span> <span class='ocrx_word' id='word_1_168' title='bbox 1567 2976 1651 3040; x_wconf 87' lang='grc'><strong>85</strong></span> <span class='ocrx_word' id='word_1_169' title='bbox 1762 2977 1890 3044; x_wconf 88' lang='lat' dir='ltr'><strong>Ubi</strong></span> <span class='ocrx_word' id='word_1_170' title='bbox 1931 2979 2128 3042; x_wconf 86' lang='lat' dir='ltr'><strong>miser</strong></span> <span class='ocrx_word' id='word_1_171' title='bbox 2174 2980 2599 3061; x_wconf 89' lang='lat' dir='ltr'><strong>nequissimus</strong></span> <span class='ocrx_word' id='word_1_172' title='bbox 2681 3037 2693 3053; x_wconf 76' lang='lat'><em>,</em></span> 
     </span>
    </p>

    <p class='ocr_par' dir='ltr' id='par_1_16' title="bbox 405 3082 3035 3271">
     <span class='ocr_line' id='line_1_22' title="bbox 407 3082 3035 3167; baseline 0.003 -21"><span class='ocrx_word' id='word_1_173' title='bbox 407 3099 449 3146; x_wconf 94' lang='lat' dir='ltr'><strong>o</strong></span> <span class='ocrx_word' id='word_1_174' title='bbox 494 3083 722 3165; x_wconf 82' lang='lat' dir='ltr'><strong>regina</strong></span> <span class='ocrx_word' id='word_1_175' title='bbox 765 3082 1169 3165; x_wconf 83' lang='lat' dir='ltr'><strong>reginarum,</strong></span> <span class='ocrx_word' id='word_1_176' title='bbox 1759 3084 2003 3167; x_wconf 89' lang='lat' dir='ltr'><strong>possim</strong></span> <span class='ocrx_word' id='word_1_177' title='bbox 2047 3101 2193 3147; x_wconf 90' lang='lat' dir='ltr'><strong>esse</strong></span> <span class='ocrx_word' id='word_1_178' title='bbox 2226 3084 2337 3147; x_wconf 86' lang='lat' dir='ltr'><strong>vel</strong></span> <span class='ocrx_word' id='word_1_179' title='bbox 2381 3084 2636 3148; x_wconf 87' lang='lat' dir='ltr'><strong>ultimus</strong></span> <span class='ocrx_word' id='word_1_180' title='bbox 2904 3089 3035 3154; x_wconf 82' lang='grc'><strong>110</strong></span> 
     </span>
     <span class='ocr_line' id='line_1_23' title="bbox 405 3186 2697 3271; baseline 0.002 -22"><span class='ocrx_word' id='word_1_181' title='bbox 405 3194 678 3271; x_wconf 86' lang='lat' dir='ltr'><strong>propter</strong></span> <span class='ocrx_word' id='word_1_182' title='bbox 720 3195 895 3251; x_wconf 87' lang='lat' dir='ltr'><strong>tuam</strong></span> <span class='ocrx_word' id='word_1_183' title='bbox 938 3187 1245 3271; x_wconf 84' lang='lat' dir='ltr'><strong>pietatem</strong></span> <span class='ocrx_word' id='word_1_184' title='bbox 1759 3186 2031 3251; x_wconf 87' lang='lat' dir='ltr'><strong>laudans</strong></span> <span class='ocrx_word' id='word_1_185' title='bbox 2082 3186 2269 3251; x_wconf 90' lang='lat' dir='ltr'><strong>deum</strong></span> <span class='ocrx_word' id='word_1_186' title='bbox 2313 3207 2437 3270; x_wconf 89' lang='lat' dir='ltr'><strong>per</strong></span> <span class='ocrx_word' id='word_1_187' title='bbox 2484 3188 2697 3253; x_wconf 82' lang='lat' dir='ltr'><strong>omnia</strong></span> 
     </span>
    </p>

    <p class='ocr_par' dir='ltr' id='par_1_17' title="bbox 405 3291 2720 3374">
     <span class='ocr_line' id='line_1_24' title="bbox 405 3291 2720 3374; baseline 0.002 -21"><span class='ocrx_word' id='word_1_188' title='bbox 405 3291 579 3374; x_wconf 89' lang='lat' dir='ltr'><strong>pelle</strong></span> <span class='ocrx_word' id='word_1_189' title='bbox 624 3310 832 3355; x_wconf 90' lang='lat' dir='ltr'><strong>meam</strong></span> <span class='ocrx_word' id='word_1_190' title='bbox 874 3297 1342 3374; x_wconf 80' lang='lat' dir='ltr'><strong>paupertatem.</strong></span> <span class='ocrx_word' id='word_1_191' title='bbox 1722 3291 2146 3355; x_wconf 44' lang='lat' dir='ltr'><strong>*saeculorum</strong></span> <span class='ocrx_word' id='word_1_192' title='bbox 2189 3292 2451 3358; x_wconf 83' lang='lat' dir='ltr'><strong>saecula.</strong></span> <span class='ocrx_word' id='word_1_193' title='bbox 2516 3313 2720 3357; x_wconf 88' lang='lat' dir='ltr'><strong>amen.</strong></span> 
     </span>
    </p>
   </div>
   <div class='ocr_carea' id='block_1_2' title="bbox 404 3500 3031 3749">
    <p class='ocr_par' dir='ltr' id='par_1_18' title="bbox 404 3500 3031 3749">
     <span class='ocr_line' id='line_1_25' title="bbox 580 3500 3031 3576; baseline 0.004 -21"><span class='ocrx_word' id='word_1_194' title='bbox 580 3501 674 3556; x_wconf 82' lang='lat' dir='ltr'><strong>Hs.</strong></span> <span class='ocrx_word' id='word_1_195' title='bbox 710 3518 780 3556; x_wconf 78' lang='lat' dir='ltr'><strong>zu</strong></span> <span class='ocrx_word' id='word_1_196' title='bbox 816 3501 1185 3570; x_wconf 83' lang='lat' dir='ltr'><strong>Lichtenthal‚</strong></span> <span class='ocrx_word' id='word_1_197' title='bbox 1223 3503 1293 3555; x_wconf 99' lang='lat'><strong>14</strong></span> <span class='ocrx_word' id='word_1_198' title='bbox 1325 3500 1519 3556; x_wconf 71' lang='lat' dir='ltr'><strong>Jahrb.</strong></span> <span class='ocrx_word' id='word_1_199' title='bbox 1557 3503 1688 3571; x_wconf 82' lang='lat' dir='ltr'><strong>(A).</strong></span> <span class='ocrx_word' id='word_1_200' title='bbox 1761 3502 1854 3557; x_wconf 80' lang='lat' dir='ltr'><strong>ns.</strong></span> <span class='ocrx_word' id='word_1_201' title='bbox 1891 3519 1962 3557; x_wconf 83' lang='lat' dir='ltr'><strong>zu</strong></span> <span class='ocrx_word' id='word_1_202' title='bbox 1997 3502 2193 3572; x_wconf 68' lang='lat' dir='ltr'><strong>Maius,</strong></span> <span class='ocrx_word' id='word_1_203' title='bbox 2229 3506 2373 3576; x_wconf 88' lang='lat' dir='ltr'><strong>Aug.</strong></span> <span class='ocrx_word' id='word_1_204' title='bbox 2410 3505 2516 3561; x_wconf 87' lang='lat' dir='ltr'><strong>No.</strong></span> <span class='ocrx_word' id='word_1_205' title='bbox 2544 3508 2665 3562; x_wconf 81' lang='grc'><strong>438.</strong></span> <span class='ocrx_word' id='word_1_206' title='bbox 2704 3504 2741 3561; x_wconf 84' lang='lat' dir='ltr'><strong>f.</strong></span> <span class='ocrx_word' id='word_1_207' title='bbox 2781 3509 2871 3563; x_wconf 85' lang='grc'><strong>55.</strong></span> <span class='ocrx_word' id='word_1_208' title='bbox 2919 3510 3031 3569; x_wconf 72' lang='lat' dir='ltr'><strong>deo</strong></span> 
     </span>
     <span class='ocr_line' id='line_1_26' title="bbox 405 3586 3031 3660; baseline 0.005 -19"><span class='ocrx_word' id='word_1_209' title='bbox 405 3589 474 3640; x_wconf 84' lang='grc'><strong>15</strong></span> <span class='ocrx_word' id='word_1_210' title='bbox 507 3587 701 3642; x_wconf 75' lang='lat' dir='ltr'><strong>Jahrb.</strong></span> <span class='ocrx_word' id='word_1_211' title='bbox 741 3590 879 3657; x_wconf 86' lang='grc' dir='ltr'><strong>(Β),</strong></span> <span class='ocrx_word' id='word_1_212' title='bbox 915 3587 1016 3643; x_wconf 89' lang='lat' dir='ltr'><strong>mit</strong></span> <span class='ocrx_word' id='word_1_213' title='bbox 1049 3587 1152 3642; x_wconf 82' lang='lat' dir='ltr'><strong>der</strong></span> <span class='ocrx_word' id='word_1_214' title='bbox 1187 3586 1609 3645; x_wconf 77' lang='lat' dir='ltr'><strong>Ueberschsift:</strong></span> <span class='ocrx_word' id='word_1_215' title='bbox 1647 3589 1717 3644; x_wconf 80' lang='lat' dir='ltr'><strong>de</strong></span> <span class='ocrx_word' id='word_1_216' title='bbox 1756 3606 1807 3644; x_wconf 82' lang='lat' dir='ltr'><strong>s.</strong></span> <span class='ocrx_word' id='word_1_217' title='bbox 1841 3591 2047 3660; x_wconf 78' lang='lat' dir='ltr'><strong>Maria,</strong></span> <span class='ocrx_word' id='word_1_218' title='bbox 2082 3597 2264 3646; x_wconf 83' lang='lat' dir='ltr'><strong>matre</strong></span> <span class='ocrx_word' id='word_1_219' title='bbox 2300 3591 2722 3649; x_wconf 57' lang='lat' dir='ltr'><strong>misericordia</strong></span> <span class='ocrx_word' id='word_1_220' title='bbox 2795 3594 2899 3650; x_wconf 72' lang='lat' dir='ltr'><strong>Hs.</strong></span> <span class='ocrx_word' id='word_1_221' title='bbox 2953 3615 3031 3654; x_wconf 74' lang='lat' dir='ltr'>n</span> 
     </span>
     <span class='ocr_line' id='line_1_27' title="bbox 404 3672 1934 3749; baseline -0.001 -15"><span class='ocrx_word' id='word_1_222' title='bbox 404 3674 675 3734; x_wconf 73' lang='lat' dir='ltr'><strong>Miiucheu</strong></span> <span class='ocrx_word' id='word_1_223' title='bbox 712 3674 846 3731; x_wconf 84' lang='lat' dir='ltr'><strong>clm.</strong></span> <span class='ocrx_word' id='word_1_224' title='bbox 887 3677 1097 3745; x_wconf 85' lang='grc'><strong>11,325.</strong></span> <span class='ocrx_word' id='word_1_225' title='bbox 1135 3672 1175 3731; x_wconf 82' lang='lat' dir='ltr'><strong>f.</strong></span> <span class='ocrx_word' id='word_1_226' title='bbox 1209 3677 1295 3730; x_wconf 82' lang='grc'><strong>92.</strong></span> <span class='ocrx_word' id='word_1_227' title='bbox 1333 3676 1432 3730; x_wconf 79' lang='lat' dir='ltr'><strong>des</strong></span> <span class='ocrx_word' id='word_1_228' title='bbox 1472 3678 1540 3730; x_wconf 82' lang='lat'><strong>12</strong></span> <span class='ocrx_word' id='word_1_229' title='bbox 1574 3676 1773 3732; x_wconf 75' lang='lat' dir='ltr'><strong>Jahrb.</strong></span> <span class='ocrx_word' id='word_1_230' title='bbox 1812 3678 1934 3749; x_wconf 85' lang='lat' dir='ltr'><strong>(C).</strong></span> 
     </span>
    </p>
   </div>
   <div class='ocr_carea' id='block_1_3' title="bbox 400 3833 3029 4789">
    <p class='ocr_par' dir='ltr' id='par_1_19' title="bbox 400 3833 3029 4789">
     <span class='ocr_line' id='line_1_28' title="bbox 577 3833 3023 3905; baseline 0.002 -16"><span class='ocrx_word' id='word_1_231' title='bbox 577 3836 612 3890; x_wconf 82' lang='lat'><strong>3</strong></span> <span class='ocrx_word' id='word_1_232' title='bbox 668 3849 796 3905; x_wconf 85' lang='lat' dir='ltr'><strong>spes</strong></span> <span class='ocrx_word' id='word_1_233' title='bbox 845 3834 953 3889; x_wconf 79' lang='lat' dir='ltr'><strong>Bc,</strong></span> <span class='ocrx_word' id='word_1_234' title='bbox 1059 3835 1091 3887; x_wconf 85' lang='lat'>5</span> <span class='ocrx_word' id='word_1_235' title='bbox 1141 3833 1305 3888; x_wconf 79' lang='lat' dir='ltr'><strong>salva</strong></span> <span class='ocrx_word' id='word_1_236' title='bbox 1339 3836 1406 3890; x_wconf 92' lang='lat' dir='ltr'><strong>A.</strong></span> <span class='ocrx_word' id='word_1_237' title='bbox 1513 3837 1548 3887; x_wconf 77' lang='grc'><strong>7</strong></span> <span class='ocrx_word' id='word_1_238' title='bbox 1583 3837 1772 3891; x_wconf 83' lang='lat' dir='ltr'><strong>omnia</strong></span> <span class='ocrx_word' id='word_1_239' title='bbox 1807 3835 1869 3890; x_wconf 92' lang='lat' dir='ltr'><strong>B.</strong></span> <span class='ocrx_word' id='word_1_240' title='bbox 1979 3836 2127 3888; x_wconf 88' lang='grc'><strong>10-</strong></span> <span class='ocrx_word' id='word_1_241' title='bbox 2149 3838 2215 3890; x_wconf 88' lang='grc'><strong>12</strong></span> <span class='ocrx_word' id='word_1_242' title='bbox 2252 3835 2399 3891; x_wconf 87' lang='lat' dir='ltr'><strong>iuter</strong></span> <span class='ocrx_word' id='word_1_243' title='bbox 2437 3835 2547 3892; x_wconf 85' lang='lat' dir='ltr'><strong>Bc.</strong></span> <span class='ocrx_word' id='word_1_244' title='bbox 2657 3839 2726 3891; x_wconf 91' lang='lat'><strong>14</strong></span> <span class='ocrx_word' id='word_1_245' title='bbox 2760 3834 2915 3894; x_wconf 78' lang='lat' dir='ltr'><strong>fehlt</strong></span> <span class='ocrx_word' id='word_1_246' title='bbox 2950 3842 3023 3895; x_wconf 90' lang='lat' dir='ltr'><strong>A.</strong></span> 
     </span>
     <span class='ocr_line' id='line_1_29' title="bbox 401 3921 3025 3996; baseline 0.001 -19"><span class='ocrx_word' id='word_1_247' title='bbox 401 3924 475 3977; x_wconf 83' lang='lat'><strong>20</strong></span> <span class='ocrx_word' id='word_1_248' title='bbox 510 3939 666 3978; x_wconf 85' lang='lat' dir='ltr'><strong>suum</strong></span> <span class='ocrx_word' id='word_1_249' title='bbox 701 3923 778 3991; x_wconf 90' lang='lat' dir='ltr'><strong>B,</strong></span> <span class='ocrx_word' id='word_1_250' title='bbox 813 3937 1079 3977; x_wconf 84' lang='lat' dir='ltr'><strong>summum</strong></span> <span class='ocrx_word' id='word_1_251' title='bbox 1116 3921 1174 3977; x_wconf 88' lang='lat' dir='ltr'><strong>C.</strong></span> <span class='ocrx_word' id='word_1_252' title='bbox 1243 3925 1313 3977; x_wconf 89' lang='grc'><strong>22</strong></span> <span class='ocrx_word' id='word_1_253' title='bbox 1349 3922 1515 3977; x_wconf 83' lang='lat' dir='ltr'><strong>trado</strong></span> <span class='ocrx_word' id='word_1_254' title='bbox 1552 3922 1627 3993; x_wconf 83' lang='lat' dir='ltr'><strong>C,</strong></span> <span class='ocrx_word' id='word_1_255' title='bbox 1663 3924 1834 3979; x_wconf 84' lang='lat' dir='ltr'><strong>tendo</strong></span> <span class='ocrx_word' id='word_1_256' title='bbox 1872 3923 1934 3978; x_wconf 92' lang='grc' dir='ltr'><strong>Β.</strong></span> <span class='ocrx_word' id='word_1_257' title='bbox 2015 3926 2087 3978; x_wconf 86' lang='grc'><strong>23</strong></span> <span class='ocrx_word' id='word_1_258' title='bbox 2124 3929 2185 3979; x_wconf 87' lang='lat' dir='ltr'><strong>ut</strong></span> <span class='ocrx_word' id='word_1_259' title='bbox 2220 3924 2264 3980; x_wconf 90' lang='lat' dir='ltr'>C</span> <span class='ocrx_word' id='word_1_260' title='bbox 2286 3963 2301 3992; x_wconf 86' lang='lat'>‚</span> <span class='ocrx_word' id='word_1_261' title='bbox 2342 3923 2568 3995; x_wconf 88' lang='lat' dir='ltr'><strong>suspice</strong></span> <span class='ocrx_word' id='word_1_262' title='bbox 2605 3924 2680 3994; x_wconf 88' lang='lat' dir='ltr'><strong>B,</strong></span> <span class='ocrx_word' id='word_1_263' title='bbox 2718 3925 2919 3996; x_wconf 78' lang='lat' dir='ltr'><strong>accipe</strong></span> <span class='ocrx_word' id='word_1_264' title='bbox 2962 3927 3025 3985; x_wconf 82' lang='lat' dir='ltr'><strong>G.</strong></span> 
     </span>
     <span class='ocr_line' id='line_1_30' title="bbox 400 4011 3029 4084; baseline 0.001 -15"><span class='ocrx_word' id='word_1_265' title='bbox 400 4016 473 4069; x_wconf 81' lang='grc'><strong>24</strong></span> <span class='ocrx_word' id='word_1_266' title='bbox 506 4030 594 4069; x_wconf 88' lang='lat' dir='ltr'><strong>me</strong></span> <span class='ocrx_word' id='word_1_267' title='bbox 629 4011 667 4069; x_wconf 81' lang='lat' dir='ltr'><strong>f.</strong></span> <span class='ocrx_word' id='word_1_268' title='bbox 702 4014 810 4068; x_wconf 89' lang='lat' dir='ltr'><strong>huc</strong></span> <span class='ocrx_word' id='word_1_269' title='bbox 837 4015 899 4082; x_wconf 87' lang='lat' dir='ltr'><strong>C,</strong></span> <span class='ocrx_word' id='word_1_270' title='bbox 935 4013 1079 4067; x_wconf 83' lang='lat' dir='ltr'><strong>hunc</strong></span> <span class='ocrx_word' id='word_1_271' title='bbox 1113 4013 1301 4083; x_wconf 82' lang='lat' dir='ltr'><strong>recipe</strong></span> <span class='ocrx_word' id='word_1_272' title='bbox 1328 4015 1394 4068; x_wconf 86' lang='lat' dir='ltr'><strong>A.</strong></span> <span class='ocrx_word' id='word_1_273' title='bbox 1465 4015 1536 4066; x_wconf 84' lang='lat'><strong>25</strong></span> <span class='ocrx_word' id='word_1_274' title='bbox 1571 4030 1661 4069; x_wconf 86' lang='lat' dir='ltr'><strong>me</strong></span> <span class='ocrx_word' id='word_1_275' title='bbox 1689 4016 1752 4084; x_wconf 89' lang='lat' dir='ltr'><strong>C,</strong></span> <span class='ocrx_word' id='word_1_276' title='bbox 1790 4016 1899 4069; x_wconf 87' lang='lat' dir='ltr'><strong>huc</strong></span> <span class='ocrx_word' id='word_1_277' title='bbox 1927 4015 1987 4069; x_wconf 93' lang='grc' dir='ltr'><strong>Β.</strong></span> <span class='ocrx_word' id='word_1_278' title='bbox 2055 4016 2127 4068; x_wconf 83' lang='grc'><strong>29</strong></span> <span class='ocrx_word' id='word_1_279' title='bbox 2164 4020 2227 4069; x_wconf 85' lang='lat' dir='ltr'><strong>tu</strong></span> <span class='ocrx_word' id='word_1_280' title='bbox 2266 4011 2413 4069; x_wconf 83' lang='lat' dir='ltr'><strong>fehlt</strong></span> <span class='ocrx_word' id='word_1_281' title='bbox 2446 4011 2543 4071; x_wconf 45' lang='grc' dir='ltr'><strong>Α(</strong></span> <span class='ocrx_word' id='word_1_282' title='bbox 2584 4016 2658 4069; x_wconf 84' lang='grc'><strong>30</strong></span> <span class='ocrx_word' id='word_1_283' title='bbox 2682 4013 3029 4072; x_wconf 71' lang='lat' dir='ltr'><strong>visitatione</strong></span> 
     </span>
     <span class='ocr_line' id='line_1_31' title="bbox 402 4100 3027 4174; baseline 0 -15"><span class='ocrx_word' id='word_1_284' title='bbox 402 4107 503 4159; x_wconf 84' lang='lat' dir='ltr'><strong>tua</strong></span> <span class='ocrx_word' id='word_1_285' title='bbox 537 4104 602 4158; x_wconf 91' lang='lat' dir='ltr'><strong>A.</strong></span> <span class='ocrx_word' id='word_1_286' title='bbox 673 4104 739 4156; x_wconf 87' lang='lat'><strong>31</strong></span> <span class='ocrx_word' id='word_1_287' title='bbox 780 4116 906 4156; x_wconf 85' lang='lat' dir='ltr'><strong>nam</strong></span> <span class='ocrx_word' id='word_1_288' title='bbox 940 4106 1039 4156; x_wconf 82' lang='lat' dir='ltr'><strong>tua</strong></span> <span class='ocrx_word' id='word_1_289' title='bbox 1075 4100 1180 4155; x_wconf 82' lang='lat' dir='ltr'><strong>vis.</strong></span> <span class='ocrx_word' id='word_1_290' title='bbox 1215 4102 1330 4156; x_wconf 86' lang='lat' dir='ltr'><strong>AB.</strong></span> <span class='ocrx_word' id='word_1_291' title='bbox 1400 4103 1471 4156; x_wconf 82' lang='lat'><strong>32</strong></span> <span class='ocrx_word' id='word_1_292' title='bbox 1508 4100 1725 4158; x_wconf 87' lang='lat' dir='ltr'><strong>ablutio</strong></span> <span class='ocrx_word' id='word_1_293' title='bbox 1763 4103 1825 4171; x_wconf 85' lang='lat' dir='ltr'><strong>C,</strong></span> <span class='ocrx_word' id='word_1_294' title='bbox 1864 4108 1953 4158; x_wconf 78' lang='lat' dir='ltr'><strong>est</strong></span> <span class='ocrx_word' id='word_1_295' title='bbox 1990 4116 2141 4173; x_wconf 83' lang='lat' dir='ltr'><strong>pecc.</strong></span> <span class='ocrx_word' id='word_1_296' title='bbox 2179 4117 2431 4158; x_wconf 86' lang='lat' dir='ltr'><strong>meorum</strong></span> <span class='ocrx_word' id='word_1_297' title='bbox 2466 4104 2530 4174; x_wconf 86' lang='lat' dir='ltr'><strong>A,</strong></span> <span class='ocrx_word' id='word_1_298' title='bbox 2570 4109 2662 4157; x_wconf 78' lang='lat' dir='ltr'><strong>est</strong></span> <span class='ocrx_word' id='word_1_299' title='bbox 2695 4116 2848 4172; x_wconf 85' lang='lat' dir='ltr'><strong>pecc.</strong></span> <span class='ocrx_word' id='word_1_300' title='bbox 2884 4104 3027 4159; x_wconf 66' lang='lat' dir='ltr'><strong>nn.</strong></span> 
     </span>
     <span class='ocr_line' id='line_1_32' title="bbox 403 4185 3026 4257; baseline 0.002 -13"><span class='ocrx_word' id='word_1_301' title='bbox 403 4189 616 4245; x_wconf 79' lang='grc'>38-60</span> <span class='ocrx_word' id='word_1_302' title='bbox 650 4185 839 4243; x_wconf 82' lang='lat' dir='ltr'><strong>fehleu</strong></span> <span class='ocrx_word' id='word_1_303' title='bbox 877 4188 933 4242; x_wconf 85' lang='lat' dir='ltr'><strong>in</strong></span> <span class='ocrx_word' id='word_1_304' title='bbox 968 4190 1033 4243; x_wconf 94' lang='lat' dir='ltr'><strong>A.</strong></span> <span class='ocrx_word' id='word_1_305' title='bbox 1107 4191 1178 4243; x_wconf 74' lang='lat'><strong>87</strong></span> <span class='ocrx_word' id='word_1_306' title='bbox 1214 4188 1471 4243; x_wconf 82' lang='lat' dir='ltr'><strong>vocitare</strong></span> <span class='ocrx_word' id='word_1_307' title='bbox 1507 4188 1569 4243; x_wconf 90' lang='lat' dir='ltr'><strong>B.</strong></span> <span class='ocrx_word' id='word_1_308' title='bbox 1640 4191 1711 4243; x_wconf 77' lang='grc'><strong>47</strong></span> <span class='ocrx_word' id='word_1_309' title='bbox 1744 4188 1957 4243; x_wconf 84' lang='lat' dir='ltr'><strong>nullum</strong></span> <span class='ocrx_word' id='word_1_310' title='bbox 1994 4204 2029 4242; x_wconf 84' lang='lat' dir='ltr'><strong>a</strong></span> <span class='ocrx_word' id='word_1_311' title='bbox 2064 4203 2151 4243; x_wconf 89' lang='lat' dir='ltr'><strong>me</strong></span> <span class='ocrx_word' id='word_1_312' title='bbox 2188 4188 2249 4242; x_wconf 92' lang='grc' dir='ltr'><strong>Β.</strong></span> <span class='ocrx_word' id='word_1_313' title='bbox 2326 4189 2397 4242; x_wconf 85' lang='grc'><strong>48</strong></span> <span class='ocrx_word' id='word_1_314' title='bbox 2433 4189 2559 4244; x_wconf 79' lang='lat' dir='ltr'><strong>haec</strong></span> <span class='ocrx_word' id='word_1_315' title='bbox 2595 4188 2663 4257; x_wconf 82' lang='lat' dir='ltr'><strong>G,</strong></span> <span class='ocrx_word' id='word_1_316' title='bbox 2701 4189 2790 4244; x_wconf 76' lang='lat' dir='ltr'><strong>die</strong></span> <span class='ocrx_word' id='word_1_317' title='bbox 2826 4190 3026 4248; x_wconf 79' lang='lat' dir='ltr'><strong>Stello</strong></span> 
     </span>
     <span class='ocr_line' id='line_1_33' title="bbox 404 4273 3023 4347; baseline 0.001 -15"><span class='ocrx_word' id='word_1_318' title='bbox 404 4276 623 4332; x_wconf 85' lang='lat' dir='ltr'><strong>scheint</strong></span> <span class='ocrx_word' id='word_1_319' title='bbox 656 4275 990 4331; x_wconf 83' lang='lat' dir='ltr'><strong>verdorben.</strong></span> <span class='ocrx_word' id='word_1_320' title='bbox 1076 4276 1147 4330; x_wconf 87' lang='lat'><strong>48</strong></span> <span class='ocrx_word' id='word_1_321' title='bbox 1195 4276 1340 4330; x_wconf 88' lang='lat' dir='ltr'><strong>auch</strong></span> <span class='ocrx_word' id='word_1_322' title='bbox 1383 4275 1506 4330; x_wconf 88' lang='lat' dir='ltr'><strong>hier</strong></span> <span class='ocrx_word' id='word_1_323' title='bbox 1554 4275 1701 4347; x_wconf 84' lang='lat' dir='ltr'><strong>liegt</strong></span> <span class='ocrx_word' id='word_1_324' title='bbox 1748 4275 1837 4330; x_wconf 87' lang='lat' dir='ltr'><strong>ein</strong></span> <span class='ocrx_word' id='word_1_325' title='bbox 1874 4273 2281 4342; x_wconf 77' lang='lat' dir='ltr'><strong>verderbniss‚</strong></span> <span class='ocrx_word' id='word_1_326' title='bbox 2340 4275 2487 4330; x_wconf 80' lang='lat' dir='ltr'><strong>deun</strong></span> <span class='ocrx_word' id='word_1_327' title='bbox 2524 4275 2625 4330; x_wconf 83' lang='lat' dir='ltr'><strong>der</strong></span> <span class='ocrx_word' id='word_1_328' title='bbox 2660 4276 2817 4331; x_wconf 83' lang='lat' dir='ltr'><strong>Reim</strong></span> <span class='ocrx_word' id='word_1_329' title='bbox 2849 4273 3023 4336; x_wconf 80' lang='lat' dir='ltr'><strong>fehlt.</strong></span> 
     </span>
     <span class='ocr_line' id='line_1_34' title="bbox 404 4361 3023 4435; baseline 0.002 -17"><span class='ocrx_word' id='word_1_330' title='bbox 404 4364 477 4418; x_wconf 82' lang='grc'><strong>56</strong></span> <span class='ocrx_word' id='word_1_331' title='bbox 513 4363 670 4435; x_wconf 82' lang='lat' dir='ltr'><strong>cogit</strong></span> <span class='ocrx_word' id='word_1_332' title='bbox 702 4364 764 4418; x_wconf 93' lang='grc' dir='ltr'><strong>Β.</strong></span> <span class='ocrx_word' id='word_1_333' title='bbox 834 4364 905 4418; x_wconf 81' lang='grc'><strong>59</strong></span> <span class='ocrx_word' id='word_1_334' title='bbox 938 4379 1144 4434; x_wconf 85' lang='lat' dir='ltr'><strong>precor</strong></span> <span class='ocrx_word' id='word_1_335' title='bbox 1181 4362 1289 4418; x_wconf 90' lang='lat' dir='ltr'><strong>mei</strong></span> <span class='ocrx_word' id='word_1_336' title='bbox 1323 4364 1368 4418; x_wconf 93' lang='grc' dir='ltr'><strong>Β</strong></span> <span class='ocrx_word' id='word_1_337' title='bbox 1388 4403 1404 4432; x_wconf 87' lang='grc'><em>,</em></span> <span class='ocrx_word' id='word_1_338' title='bbox 1441 4361 1547 4417; x_wconf 85' lang='lat' dir='ltr'><strong>tibi</strong></span> <span class='ocrx_word' id='word_1_339' title='bbox 1586 4378 1727 4418; x_wconf 83' lang='lat' dir='ltr'><strong>com.</strong></span> <span class='ocrx_word' id='word_1_340' title='bbox 1762 4364 1835 4427; x_wconf 88' lang='lat' dir='ltr'><strong>C,</strong></span> <span class='ocrx_word' id='word_1_341' title='bbox 1871 4368 2037 4433; x_wconf 84' lang='lat' dir='ltr'><strong>atque</strong></span> <span class='ocrx_word' id='word_1_342' title='bbox 2074 4361 2167 4431; x_wconf 88' lang='lat' dir='ltr'><strong>N.,</strong></span> <span class='ocrx_word' id='word_1_343' title='bbox 2204 4377 2365 4432; x_wconf 88' lang='lat' dir='ltr'><strong>quem</strong></span> <span class='ocrx_word' id='word_1_344' title='bbox 2401 4362 2505 4417; x_wconf 87' lang='lat' dir='ltr'><strong>tibi</strong></span> <span class='ocrx_word' id='word_1_345' title='bbox 2540 4379 2695 4435; x_wconf 68' lang='lat' dir='ltr'><strong>saepe</strong></span> <span class='ocrx_word' id='word_1_346' title='bbox 2730 4379 3023 4422; x_wconf 69' lang='lat' dir='ltr'><strong>commea·</strong></span> 
     </span>
     <span class='ocr_line' id='line_1_35' title="bbox 407 4447 3021 4523; baseline 0.002 -19"><span class='ocrx_word' id='word_1_347' title='bbox 407 4449 539 4504; x_wconf 82' lang='lat' dir='ltr'><strong>davi</strong></span> <span class='ocrx_word' id='word_1_348' title='bbox 573 4452 634 4506; x_wconf 92' lang='grc' dir='ltr'><strong>Β.</strong></span> <span class='ocrx_word' id='word_1_349' title='bbox 671 4451 788 4523; x_wconf 83' lang='lat' dir='ltr'><strong>vgl.</strong></span> <span class='ocrx_word' id='word_1_350' title='bbox 825 4450 929 4506; x_wconf 88' lang='lat' dir='ltr'><strong>No.</strong></span> <span class='ocrx_word' id='word_1_351' title='bbox 968 4452 1087 4519; x_wconf 83' lang='lat'><strong>516,</strong></span> <span class='ocrx_word' id='word_1_352' title='bbox 1126 4452 1207 4506; x_wconf 89' lang='lat'><strong>14.</strong></span> <span class='ocrx_word' id='word_1_353' title='bbox 1253 4450 1417 4507; x_wconf 87' lang='lat' dir='ltr'><strong>Diese</strong></span> <span class='ocrx_word' id='word_1_354' title='bbox 1454 4451 1550 4506; x_wconf 72' lang='lat' dir='ltr'><strong>Ha.</strong></span> <span class='ocrx_word' id='word_1_355' title='bbox 1583 4450 1810 4506; x_wconf 79' lang='lat' dir='ltr'><strong>wendet</strong></span> <span class='ocrx_word' id='word_1_356' title='bbox 1845 4449 1972 4505; x_wconf 81' lang='lat' dir='ltr'><strong>also</strong></span> <span class='ocrx_word' id='word_1_357' title='bbox 2007 4448 2109 4505; x_wconf 81' lang='lat' dir='ltr'><strong>das</strong></span> <span class='ocrx_word' id='word_1_358' title='bbox 2143 4449 2281 4504; x_wconf 88' lang='lat' dir='ltr'><strong>Lied</strong></span> <span class='ocrx_word' id='word_1_359' title='bbox 2319 4447 2429 4504; x_wconf 81' lang='lat' dir='ltr'><strong>auf</strong></span> <span class='ocrx_word' id='word_1_360' title='bbox 2457 4449 2618 4506; x_wconf 84' lang='lat' dir='ltr'><strong>einen</strong></span> <span class='ocrx_word' id='word_1_361' title='bbox 2654 4449 3021 4509; x_wconf 71' lang='lat' dir='ltr'><strong>bestimmten</strong></span> 
     </span>
     <span class='ocr_line' id='line_1_36' title="bbox 405 4537 3017 4612; baseline 0.003 -21"><span class='ocrx_word' id='word_1_362' title='bbox 405 4537 618 4592; x_wconf 71' lang='lat' dir='ltr'><strong>Numen</strong></span> <span class='ocrx_word' id='word_1_363' title='bbox 654 4555 741 4593; x_wconf 86' lang='lat' dir='ltr'><strong>au.</strong></span> <span class='ocrx_word' id='word_1_364' title='bbox 809 4539 905 4595; x_wconf 91' lang='lat' dir='ltr'><strong>Ich</strong></span> <span class='ocrx_word' id='word_1_365' title='bbox 952 4538 1097 4594; x_wconf 86' lang='lat' dir='ltr'><strong>habe</strong></span> <span class='ocrx_word' id='word_1_366' title='bbox 1146 4539 1230 4593; x_wconf 88' lang='lat' dir='ltr'><strong>sie</strong></span> <span class='ocrx_word' id='word_1_367' title='bbox 1275 4539 1430 4595; x_wconf 83' lang='lat' dir='ltr'><strong>nicht</strong></span> <span class='ocrx_word' id='word_1_368' title='bbox 1473 4537 1677 4593; x_wconf 81' lang='lat' dir='ltr'><strong>weiter</strong></span> <span class='ocrx_word' id='word_1_369' title='bbox 1711 4538 2058 4610; x_wconf 81' lang='lat' dir='ltr'><strong>verglicheu.</strong></span> <span class='ocrx_word' id='word_1_370' title='bbox 2156 4538 2228 4592; x_wconf 80' lang='grc'><strong>62</strong></span> <span class='ocrx_word' id='word_1_371' title='bbox 2266 4538 2444 4594; x_wconf 78' lang='lat' dir='ltr'><strong>ditias.</strong></span> <span class='ocrx_word' id='word_1_372' title='bbox 2482 4540 2545 4596; x_wconf 89' lang='lat' dir='ltr'><strong>A.</strong></span> <span class='ocrx_word' id='word_1_373' title='bbox 2645 4539 2715 4593; x_wconf 82' lang='lat'><strong>64</strong></span> <span class='ocrx_word' id='word_1_374' title='bbox 2750 4555 2909 4612; x_wconf 77' lang='lat' dir='ltr'><strong>saepe</strong></span> <span class='ocrx_word' id='word_1_375' title='bbox 2950 4542 3017 4598; x_wconf 82' lang='lat' dir='ltr'><strong>C.</strong></span> 
     </span>
     <span class='ocr_line' id='line_1_37' title="bbox 406 4622 3018 4698; baseline 0.003 -21"><span class='ocrx_word' id='word_1_376' title='bbox 406 4623 478 4677; x_wconf 77' lang='grc'><strong>67</strong></span> <span class='ocrx_word' id='word_1_377' title='bbox 513 4639 706 4693; x_wconf 78' lang='lat' dir='ltr'><strong>quaeso</strong></span> <span class='ocrx_word' id='word_1_378' title='bbox 744 4622 782 4679; x_wconf 82' lang='lat' dir='ltr'><strong>f.</strong></span> <span class='ocrx_word' id='word_1_379' title='bbox 820 4626 930 4698; x_wconf 83' lang='lat' dir='ltr'><strong>dig.</strong></span> <span class='ocrx_word' id='word_1_380' title='bbox 965 4627 1031 4683; x_wconf 86' lang='lat' dir='ltr'><strong>A.</strong></span> <span class='ocrx_word' id='word_1_381' title='bbox 1115 4628 1187 4680; x_wconf 72' lang='lat'><strong>70</strong></span> <span class='ocrx_word' id='word_1_382' title='bbox 1222 4641 1290 4680; x_wconf 86' lang='lat' dir='ltr'><strong>ac</strong></span> <span class='ocrx_word' id='word_1_383' title='bbox 1330 4623 1391 4681; x_wconf 83' lang='lat' dir='ltr'><strong>G.</strong></span> <span class='ocrx_word' id='word_1_384' title='bbox 1460 4628 1531 4680; x_wconf 79' lang='lat'><strong>72</strong></span> <span class='ocrx_word' id='word_1_385' title='bbox 1564 4624 1813 4681; x_wconf 84' lang='lat' dir='ltr'><strong>moribus</strong></span> <span class='ocrx_word' id='word_1_386' title='bbox 1849 4630 1908 4681; x_wconf 88' lang='lat' dir='ltr'><strong>et</strong></span> <span class='ocrx_word' id='word_1_387' title='bbox 1941 4625 2235 4681; x_wconf 82' lang='lat' dir='ltr'><strong>sublimior</strong></span> <span class='ocrx_word' id='word_1_388' title='bbox 2269 4629 2336 4683; x_wconf 92' lang='lat' dir='ltr'><strong>A.</strong></span> <span class='ocrx_word' id='word_1_389' title='bbox 2408 4629 2479 4681; x_wconf 73' lang='grc'><strong>74</strong></span> <span class='ocrx_word' id='word_1_390' title='bbox 2513 4625 2740 4682; x_wconf 77' lang='lat' dir='ltr'><strong>dulciss,</strong></span> <span class='ocrx_word' id='word_1_391' title='bbox 2773 4627 2853 4697; x_wconf 90' lang='lat' dir='ltr'><strong>A,</strong></span> <span class='ocrx_word' id='word_1_392' title='bbox 2890 4628 3018 4684; x_wconf 78' lang='lat' dir='ltr'><strong>vir-</strong></span> 
     </span>
     <span class='ocr_line' id='line_1_38' title="bbox 405 4708 3015 4789; baseline 0.002 -22"><span class='ocrx_word' id='word_1_393' title='bbox 405 4708 724 4782; x_wconf 83' lang='lat' dir='ltr'><strong>tutibusque</strong></span> <span class='ocrx_word' id='word_1_394' title='bbox 759 4713 821 4771; x_wconf 79' lang='lat' dir='ltr'><strong>G.</strong></span> <span class='ocrx_word' id='word_1_395' title='bbox 891 4715 962 4767; x_wconf 78' lang='grc'><strong>75</strong></span> <span class='ocrx_word' id='word_1_396' title='bbox 997 4713 1150 4770; x_wconf 80' lang='lat' dir='ltr'><strong>bona</strong></span> <span class='ocrx_word' id='word_1_397' title='bbox 1185 4714 1297 4771; x_wconf 83' lang='lat' dir='ltr'><strong>tria</strong></span> <span class='ocrx_word' id='word_1_398' title='bbox 1331 4716 1399 4770; x_wconf 83' lang='lat' dir='ltr'><strong>A.</strong></span> <span class='ocrx_word' id='word_1_399' title='bbox 1478 4714 1550 4769; x_wconf 69' lang='lat'><strong>¹⁷6</strong></span> <span class='ocrx_word' id='word_1_400' title='bbox 1587 4718 1679 4771; x_wconf 73' lang='lat' dir='ltr'><strong>est</strong></span> <span class='ocrx_word' id='word_1_401' title='bbox 1713 4744 1778 4758; x_wconf 87' lang='lat'><strong>-—</strong></span> <span class='ocrx_word' id='word_1_402' title='bbox 1815 4711 1923 4771; x_wconf 79' lang='lat' dir='ltr'><strong>fec.</strong></span> <span class='ocrx_word' id='word_1_403' title='bbox 1958 4715 2036 4785; x_wconf 87' lang='lat' dir='ltr'><strong>A,</strong></span> <span class='ocrx_word' id='word_1_404' title='bbox 2091 4714 2224 4772; x_wconf 87' lang='lat' dir='ltr'><strong>hinc</strong></span> <span class='ocrx_word' id='word_1_405' title='bbox 2260 4713 2320 4772; x_wconf 81' lang='grc' dir='ltr'><strong>Ο.</strong></span> <span class='ocrx_word' id='word_1_406' title='bbox 2390 4717 2464 4771; x_wconf 73' lang='lat'><strong>¹29</strong></span> <span class='ocrx_word' id='word_1_407' title='bbox 2498 4719 2588 4773; x_wconf 75' lang='lat' dir='ltr'><strong>est</strong></span> <span class='ocrx_word' id='word_1_408' title='bbox 2620 4715 2905 4789; x_wconf 80' lang='lat' dir='ltr'><strong>praeclara</strong></span> <span class='ocrx_word' id='word_1_409' title='bbox 2938 4718 3015 4780; x_wconf 73' lang='lat' dir='ltr'><strong>A..</strong></span> 
     </span>
    </p>
   </div>
  </div>
 </body>
</html>
