3167 5242
185 937 328 1003 Ave
372 934 564 1017 virgo
608 933 928 1017 virginum
945 983 964 1018 ,

283 1059 436 1122 quae
480 1040 687 1103 verbo
732 1040 1117 1125 concepisti,

192 1162 326 1208 ave
376 1142 627 1226 lactans
672 1139 872 1205 filium

284 1246 479 1328 virgo
526 1246 971 1331 permansisti,

189 1371 325 1419 ave
377 1351 525 1416 coeli
568 1349 872 1433 gaudium

283 1454 504 1518 nutrix
547 1453 755 1519 Jhesu
800 1451 1071 1537 Christi,

194 1558 386 1624 salva
428 1577 599 1623 nunc
640 1577 743 1621 me
787 1558 1087 1621 miserum

285 1662 355 1725 in
398 1661 526 1725 hoc
568 1661 807 1726 mundo
851 1660 1036 1725 tristi.

195 1852 412 1920 Maria
452 1857 659 1915 mater
704 1848 843 1932 dei,

283 1954 602 2019 thalamus
648 1952 883 2017 amoris
900 2001 917 2036 ,

193 2060 413 2127 Maria
456 2056 703 2139 requiei

286 2163 500 2241 sinuS,
539 2161 685 2225 fons
732 2159 1052 2243 dulcoris,

195 2268 414 2336 Maria
461 2267 664 2331 nostri
713 2267 856 2351 spei

283 2378 512 2455 portus
525 2418 543 2454 ,
587 2388 754 2454 pons
799 2367 1098 2451 terroris,

191 2483 518 2545 memento
564 2493 788 2558 quaeso
831 2474 958 2539 mei

287 2577 451 2644 caeci
492 2577 878 2662 peccatoris.

195 2769 431 2834 Gratia
471 2767 844 2851 plenissima

283 2873 477 2956 virgo
523 2879 588 2937 te
633 2872 891 2955 refecit,

194 2975 417 3060 gratia
461 2976 830 3058 gratissima

281 3086 556 3144 matrem
600 3085 666 3141 te
702 3076 1013 3162 perfecit,

193 3180 416 3264 gratia
458 3178 819 3245 firmissima

283 3284 352 3348 in
397 3290 461 3348 te
505 3300 636 3346 non
673 3280 943 3366 defecit,

192 3386 309 3453 ille
354 3405 457 3451 me
501 3385 787 3469 reficiat,

288 3491 399 3572 qui
436 3497 501 3553 te
545 3489 741 3554 talem
782 3488 954 3555 fecit.

195 3676 398 3744 Plena
440 3677 767 3762 pudicitiae

286 3780 480 3864 virgo
524 3781 901 3864 singularis,

196 3884 400 3971 plena
443 3884 589 3949 laus
635 3884 962 3966 ecelesiae,

285 4006 528 4074 parens
574 4004 813 4071 expers
853 3987 1089 4070 paris‚.

193 4092 399 4178 plena
439 4111 612 4156 vena
653 4090 896 4174 veniae,

286 4194 470 4261 clara
513 4194 706 4260 stella
744 4192 971 4280 maris,

181 4297 402 4385 junge
446 4320 550 4366 me
594 4300 837 4366 laetitiae
853 4348 871 4383 ,

285 4424 435 4488 quae
478 4407 575 4473 sic
607 4404 1008 4491 jocundaris.

192 4598 507 4668 Dominus
545 4596 614 4661 in
656 4607 847 4662 utero

283 4708 401 4770 tuo
441 4710 824 4787 procreatus
838 4750 859 4789 ,

1365 1953 1446 2017 10

1364 2475 1444 2540 15

1362 3074 1445 3138 20

1360 3677 1442 3742 25

1359 4195 1443 4260 30

1153 714 1326 791 400.
1391 714 1551 789 Ave
1603 715 1860 788 Maria.

1553 937 1846 1004 dominus
1892 937 1976 1001 ab
2019 944 2208 1002 utero

1509 1058 1520 1069 '
1639 1061 1908 1108 manens
1950 1043 2278 1108 increatus
2292 1090 2309 1125 ,

1553 1147 1847 1214 dominus
1893 1163 2015 1229 pro
2060 1145 2305 1229 populo

1640 1252 1736 1316 sic
1777 1249 2142 1313 humiliatus

1553 1356 1637 1419 sit
1678 1353 1832 1418 mihi
1875 1369 2055 1418 caeco
2099 1351 2336 1440 misero

1640 1476 1763 1541 per
1806 1463 1871 1520 te
1918 1453 2050 1518 dux
2092 1453 2410 1539 placatus.

1556 1649 1781 1717 Tecum
1822 1654 2039 1712 manet
2082 1644 2324 1728 deitaS,

1638 1773 1786 1816 nam
1832 1749 1992 1815 deus
2037 1758 2139 1814 est
2180 1756 2424 1831 tecum,

1551 1862 1765 1919 tecum
1809 1861 2035 1921 sancta
2078 1853 2331 1922 trinitas

1641 1965 1707 2020 et
1750 1964 1821 2021 tu
1862 1976 2129 2023 manens
2174 1974 2424 2039 secum,

1551 2067 1764 2125 tecum
1808 2077 2053 2125 summa
2094 2058 2440 2141 sanctitas,

1636 2161 1746 2226 fac
1785 2163 2057 2227 salutem
2097 2178 2386 2241 mecum,

1551 2271 1872 2329 errantem
1919 2282 2041 2348 per
2084 2263 2395 2325 tenebras

1635 2364 1923 2430 illumina
1968 2382 2070 2427 me
2117 2380 2377 2431 caecum.

1547 2556 1887 2625 Benedicta
1929 2552 2184 2618 domina

1634 2662 1702 2725 in
1739 2657 2190 2743 concipiend0,

1547 2765 1894 2834 benedicta
1937 2763 2186 2828 femina

1635 2869 1703 2934 in
1744 2866 2205 2953 parturiendo,

1548 2972 1894 3041 benedicta
1937 2971 2196 3055 virgula

1634 3079 1827 3162 virgo
1873 3074 2346 3162 permanendo,

1548 3204 1682 3268 me,
1727 3192 1794 3247 te
1836 3201 2110 3268 precor,
2157 3181 2401 3263 adjuva

1640 3289 1852 3355 saltim
1899 3284 2248 3353 moriendo.

1554 3483 1644 3550 Tu
1688 3480 1879 3547 sedes
1925 3481 1994 3546 in
2037 3480 2241 3566 solio,

1634 3585 1826 3667 virgo
1872 3590 2214 3664 coronata,

1548 3696 1620 3753 tu
1662 3684 1911 3770 gaudes
1957 3703 2101 3751 cum
2135 3682 2301 3769 filio,

1636 3795 1845 3853 mater
1878 3784 2267 3870 jocundata,

1549 3899 1622 3957 tn
1665 3889 1943 3974 repleris
1984 3889 2226 3973 gaudio
2243 3935 2263 3973 ,

1637 3995 1827 4081 prole
1871 3994 2245 4075 sublimata3

1548 4107 1693 4164 esto
1737 4105 1851 4164 tuo
1894 4098 2135 4165 famulo

1633 4211 1842 4271 mater
1884 4202 2227 4269 advocata.

1545 4392 1629 4458 In
1672 4390 1841 4456 coelo
1883 4397 1951 4454 tc
1994 4387 2320 4474 glorificat

1635 4492 2018 4578 angelorum
2060 4491 2258 4556 decus
2275 4538 2294 4573 ,

1545 4600 1615 4667 in
1658 4595 1840 4662 terra
1881 4604 1949 4662 te
1989 4597 2254 4661 invocat

1633 4700 1905 4775 Latinus
1949 4708 2018 4770 et
2058 4699 2361 4786 flraeoun,

2716 939 2800 1003 35

2716 1453 2802 1517 40

2713 2056 2800 2119 45

2712 2654 2800 2719 50

2713 3182 2801 3245 5⁵

2713 3787 2801 3851 60

2711 4385 2798 4450 65
