3167 5242
412 235 544 304 m

411 426 616 494 Salve
661 430 878 513 virgo,
930 425 1159 496 videns
1201 429 1355 495 laeta
1579 423 1660 492 15

413 531 630 596 mundi
675 531 866 617 hujus
909 541 1062 616 post
1105 532 1323 599 deleta
1764 541 2136 600 carceratos
2180 549 2302 596 nos
2345 533 2412 596 in
2454 533 2600 597 imis
2974 535 3115 598 to

503 636 960 701 ascendentem
1003 635 1204 700 filium
1847 657 2046 722 prece
2091 646 2201 703 tua
2238 638 2447 703 libera
2470 685 2488 721 ‚

412 758 610 824 super
655 739 884 805 sollum
927 739 1224 821 coeleste,
1761 744 1826 810 in
1872 751 1937 808 te
1972 741 2139 826 juva
2184 741 2587 807 confidentes

412 854 794 910 occurrente
840 845 1030 908 turba
1075 850 1240 907 teste
1762 856 1829 911 et
1874 846 2111 910 devote
2161 854 2582 912 recensentes

501 947 733 1012 civium
781 946 1152 1011 coelestium.
1575 947 1659 1009 20
1847 957 1960 1013 tua
2005 955 2232 1013 sancta
2275 965 2559 1014 munera.
3146 973 3155 1130 ι

415 1155 618 1228 Salve
663 1161 956 1245 gaudens
1003 1161 1437 1245 contemplata
1763 1161 1963 1228 Salve
2002 1163 2145 1228 sola
2188 1181 2342 1249 spes
2386 1164 2650 1247 salutis,
2974 1169 3041 1231 4⁵

414 1266 498 1331 de
544 1266 841 1351 supernis
887 1266 1207 1331 destinata

500 1389 766 1434 munera
813 1368 1175 1454 discipulis,

404 1477 598 1562 juxta
644 1475 759 1540 filii
798 1477 1182 1561 promissum

415 1581 706 1665 spiritum
754 1581 836 1644 de
883 1581 1063 1644 coelis
1109 1579 1368 1642 missum
1577 1578 1662 1642 25

499 1686 566 1749 in
610 1685 847 1768 linguis
890 1684 1200 1767 igniferis.
1852 1681 1975 1745 tuis
2021 1683 2206 1767 reple
2252 1683 2525 1766 gaudiis.
2974 1687 3040 1749 50

415 1898 616 1965 Salve
663 1897 914 1964 eoelitns
958 1903 1270 1979 assumta,
1765 1893 1908 1965 Hoc
1950 1899 2016 1963 in
2062 1898 2222 1983 fine,
2266 1909 2505 1982 mater,
2553 1917 2677 1965 (ιι-ο

413 2024 543 2070 ιιοιι
587 2022 854 2069 manens
899 2003 1043 2066 sola
1087 2000 1209 2065 sed
1254 1999 1463 2065 sumtu
1767 2004 1936 2068 votis
1978 2004 2135 2068 totis
2181 2004 2309 2068 hcc
2350 2004 2662 2088 imploro,

500 2107 796 2193 corporis
841 2106 1201 2172 substantia
1218 2154 1236 2188 ,
1851 2108 2177 2190 virginum
2218 2108 2591 2192 purissima,

411 2212 522 2277 ubi
567 2213 795 2277 solium
836 2209 1242 2293 conscendit,
1574 2205 1662 2268 30
1767 2233 1809 2277 a
1850 2231 1953 2276 me
1998 2211 2182 2296 diligi
2226 2211 2498 2296 dignare

413 2309 565 2380 clim
611 2316 676 2380 in
721 2324 786 2380 te
833 2316 943 2399 qui
987 2312 1326 2378 descendit
1766 2322 1834 2379 et
1875 2333 1978 2377 me
2024 2313 2221 2397 digne
2264 2316 2372 2380 fac
2416 2333 2672 2400 amere,
2967 2322 3033 2386 5⁵

498 2417 836 2486 incarnata
877 2414 1109 2500 gloria.
1848 2419 2045 2502 virgo
2090 2418 2521 2486 dilectissima.

414 2634 615 2701 Salve
652 2637 853 2720 jubar
895 2636 1225 2718 singulare
1245 2681 1262 2715 ,
1767 2633 2044 2699 Cessent
2089 2635 2199 2699 alii
2242 2652 2526 2718 amores,

415 2740 562 2806 coeli
606 2755 915 2804 summum
959 2739 1275 2802 luminare
1766 2738 1859 2801 tui
1904 2736 2165 2802 trahant
2206 2755 2310 2802 me
2354 2738 2662 2804 dulcores

502 2843 622 2906 toti
663 2840 902 2906 mundo
946 2838 1246 2922 radians,
1574 2841 1660 2903 35
1853 2850 1921 2905 et
1963 2841 2312 2906 incendant.
2354 2844 2620 2926 grstiae,

413 2947 782 3013 universum
827 2952 1255 3010 restauratum
1766 2943 1895 3008 hcc
1939 2944 2233 3009 detinear
2277 2946 2621 3029 languore,
2911 2952 3027 3016 100

415 3072 539 3137 per
583 3060 649 3116 te
693 3052 921 3116 videns
966 3059 1032 3134 et
1075 3054 1469 3117 substratum

500 3157 615 3222 tibi
661 3156 858 3240 digne
902 3156 1211 3240 glorians.

1765 428 1965 495 Salve
2011 429 2202 511 virgo
2246 435 2377 493 tam
2422 428 2731 494 sublimis
2755 477 2779 513 ,

1762 1283 1881 1330 nos
1925 1267 1991 1328 in
2035 1265 2209 1329 valle
2265 1267 2597 1331 servitutis

1848 1385 2115 1452 pressos
2160 1375 2257 1433 tot
2300 1369 2577 1434 miseriis

1755 1472 1922 1556 juva
1965 1473 2076 1556 pia
2120 1474 2401 1557 pietate,

1763 1579 2175 1642 tabescentes
2222 1586 2520 1661 egestate

1766 3046 1895 3112 hcc
1938 3048 2165 3112 nutriri
2209 3048 2294 3112 da
2340 3048 2607 3115 dulcore

1852 3150 1941 3220 ad
1983 3159 2272 3237 optatum
2316 3153 2564 3236 gloriae.
2631 3173 2859 3222 amen.

588 3368 970 3426 Reichenauer
1003 3369 1103 3424 Hs.
1137 3386 1207 3424 zu
1242 3367 1557 3424 Ksrlsruhe
1603 3367 1710 3422 No.
1747 3366 1834 3420 36.
1889 3364 1975 3420 Bl.
2015 3365 2138 3420 109.
2184 3366 2286 3422 mit
2319 3365 2444 3422 dem
2476 3367 2736 3423 Beisstsz
2799 3371 3021 3444 jubila

414 3471 460 3509 s.
498 3454 816 3509 Bernhardi
852 3455 1075 3509 abbatis
1112 3456 1184 3509 ad
1218 3453 1453 3510 Mariam
1486 3453 1765 3525 virginem
1801 3452 1871 3507 de
1909 3451 2162 3507 omnibus
2198 3452 2416 3509 deliciis
2455 3455 2728 3527 ejtisdem.
2805 3458 2875 3514 In
2920 3459 3023 3514 den

411 3542 672 3602 werken
721 3542 817 3596 des
871 3544 925 3598 h.
973 3543 1254 3597 Bernhart
1301 3538 1474 3597 findet
1520 3557 1648 3596 man
1695 3541 1881 3596 dieses
1928 3541 2070 3596 Lied
2115 3540 2284 3596 nicht.
2355 3542 2431 3597 Es
2467 3544 2569 3598 hat
2602 3546 2672 3596 25
2709 3543 3019 3618 Str-opha,

363 3667 371 3675 -
413 3625 503 3686 ffie
539 3630 638 3684 mit
670 3629 830 3683 salve
867 3625 1177 3702 anfangen,
1229 3629 1330 3684 das
1365 3629 1441 3684 ist
1475 3628 1563 3683 die
1599 3626 1803 3732 Halfte·
1831 3627 1930 3684 der
1967 3629 2037 3683 50
2072 3644 2179 3684 ave
2213 3625 2395 3686 Maria
2429 3629 2527 3684 des
2562 3629 3023 3704 Rosenkranzoe,

411 3717 612 3773 womit
646 3716 828 3771 dieses
862 3717 1000 3771 Lied
1034 3717 1542 3788 zusammenhdngt.

588 3839 661 3894 29
700 3853 826 3909 quae
860 3835 956 3894 Hs.
1021 3841 1092 3894 36
1129 3839 1263 3895 data
1298 3839 1390 3894 Hs.
1461 3839 1531 3893 46
1567 3838 1812 3911 genuisti
1838 3835 1878 3893 f.
1906 3854 2019 3894 cec.
2055 3839 2149 3894 Hs.
2221 3843 2290 3894 52
2327 3845 2484 3896 tante
2520 3839 2615 3895 Hs.
2686 3844 2760 3896 74
2778 3847 3018 3918 que‚Hs.

412 3931 484 3986 82
519 3934 676 3985 stans
727 3925 768 3983 f.
809 3944 952 4006 ulan.
989 3929 1086 3985 Hs.
1183 3931 1250 3984 85
1288 3929 1695 3984 discernentem
1729 3929 1824 3985 Hs.
1923 3931 1993 3984 97
2040 3929 2236 3985 besser
2284 3933 2466 4001 gravi.
2561 3933 2631 3986 99
2679 3945 2888 3989 cernes
2923 3935 3015 3991 Hs.

413 4019 521 4071 100
567 4016 746 4072 minus
786 4016 863 4072 ist
903 4014 1239 4086 fehlerhsft‚
1302 4016 1594 4072 vielleicht
1641 4016 1756 4071 soll
1799 4033 1906 4073 non
1955 4017 2364 4089 vcrhergehen.
2439 4019 2542 4074 108
2579 4019 2707 4073 dum
2742 4021 2823 4077 ist
2860 4022 3015 4079 nicht

412 4108 549 4178 gut,
584 4103 873 4164 vielleicht
897 4105 1040 4177 jam.
1115 4107 1218 4160 126
1251 4104 1435 4178 igneis
1470 4104 1566 4160 us.
1622 4105 1725 4160 128
1752 4110 1999 4160 resumta
2024 4105 2120 4161 Hs.
2188 4107 2289 4161 130
2326 4106 2421 4160 ubi
2449 4106 2631 4162 selam
2659 4112 2717 4162 te
2740 4109 3013 4169 11⁸.er

411 4191 492 4270 ist
522 4191 812 4248 vielleicht
847 4210 916 4248 zu
950 4200 1169 4250 setzen:
1208 4192 1306 4248 ubi
1339 4197 1470 4249 ante
1509 4197 1564 4247 te
1601 4177 1864 4249 ascendit.
1938 4195 2041 4247 147
2067 4209 2298 4266 pressus
2333 4194 2429 4251 Hs.
2489 4197 2591 4250 159
2625 4194 2898 4255 incedant
2920 4200 3013 4256 Rs.

589 4313 658 4370 V.
696 4318 910 4371 ’1-12.
964 4316 1093 4372 Fuit
1126 4314 1503 4387 proculdubio
1537 4319 1719 4372 mater
1755 4314 1965 4392 «lupini
1999 4321 2130 4371 ante
2167 4322 2367 4374 sancta
2403 4331 2569 4389 quam
2602 4324 2865 4374 nata—
2902 4336 3011 4393 ege

411 4407 580 4473 puto,
643 4403 794 4476 quod
844 4411 902 4462 et
950 4406 1240 4478 copiosior
1289 4401 1755 4462 sanctificationis
1807 4404 2120 4461 benedictio
2169 4405 2227 4460 in
2275 4423 2398 4462 eam
2445 4407 2824 4478 descenderit,
2891 4423 3013 4481 qun

410 4489 589 4560 ipsius
637 4509 748 4548 non
794 4494 978 4549 solum
1031 4487 1412 4550 sanctificaret
1459 4495 1673 4561 ortum,
1737 4492 1837 4545 sed
1871 4497 1930 4548 et
1962 4493 2136 4549 vitam
2173 4494 2247 4549 ab
2285 4495 2433 4550 omni
2471 4495 2736 4567 deinceps
2773 4503 3011 4567 peccato

413 4578 723 4634 custodiret
759 4580 1077 4652 inimunem3
1113 4581 1262 4652 quod
1296 4577 1500 4633 nemini
1536 4578 1706 4635 alteri
1738 4577 1796 4635 in
1830 4579 1980 4637 natis
2017 4579 2235 4652 quidem
2269 4583 2562 4639 mulierum
2597 4581 2854 4640 creditur
2891 4599 3010 4641 esse

413 4667 691 4723 donatum.
760 4666 821 4725 S.
854 4669 1122 4725 Bernardi
1154 4681 1279 4741 epp.
1315 4668 1436 4738 184,
1471 4667 1536 4722 5,
