3167 5242
827 719 834 727 ·
899 686 1071 761 506.
1135 683 1519 758 Rossrium
1555 681 1641 780 1».
1692 707 1757 753 v.
1784 682 2079 770 ‚Mat-im.

159 872 444 958 Suscipe
489 871 804 938 rosarium
819 920 838 957 ‚

248 976 442 1060 virgo
456 1023 474 1058 ,
519 974 896 1039 deauratum
910 1023 927 1057 ,

158 1077 328 1148 Jesu
370 1100 494 1164 per
538 1077 986 1163 compendium

251 1180 389 1248 vita
433 1180 823 1248 decoratum.
897 1179 1049 1247 Ave
1092 1180 1321 1248 Maria.

160 1372 368 1451 Quem
409 1365 600 1455 vir'go
649 1390 880 1437 carens
933 1372 1092 1438 vitio

247 1474 332 1539 de
373 1471 631 1537 flamine
677 1473 1069 1556 concepisti,

160 1565 312 1642 dnm
358 1569 645 1639 Gabrieli
689 1576 918 1640 nuntio

243 1679 594 1744 humillime
640 1649 1042 1743 consensisti
1127 1697 1166 1743 a
1210 1671 1299 1742 Μ.

157 1866 306 1946 Quo
349 1866 781 1949 impraegnata
825 1866 1009 1931 citius

252 1950 601 2052 cognatam
628 1970 922 2032 visitasti

159 2071 659 2155 Johannemque
706 2071 983 2137 celerius

246 2176 316 2240 in
361 2182 589 2240 ventre
635 2173 1070 2241 sanctificasti.

163 2364 371 2446 Quem
416 2365 675 2431 civitate
720 2362 1103 2428 Bethlehem

251 2468 538 2535 laetando
583 2468 893 2552 genuisti,

158 2592 373 2658 neque
421 2571 714 2637 dolorem
759 2561 1037 2655 aliquem

246 2677 582 2762 gignendo
626 2677 968 2763 pertulisti.

109 2931 115 2938 .
167 2867 369 2949 Quem
417 2869 599 2954 regis
644 2866 856 2933 David
900 2888 1145 2952 genere

249 2990 404 3038 mox
449 2980 668 3037 natum
714 2972 999 3038 adorasti

171 3095 247 3144 ac
291 3077 666 3160 vagientem
710 3079 912 3142 ubere
987 3089 990 3090 ’

250 3179 552 3262 virgineo
594 3179 866 3244 lactasti.

169 3367 366 3450 Quem
411 3365 651 3453 pannis
695 3374 763 3432 et
806 3366 1024 3432 fasciis

252 3474 669 3540 constrictum
712 3471 1044 3537 reclinasti

168 3584 237 3642 et
266 3579 397 3644 suis
442 3575 776 3659 obsequiis

253 3690 316 3747 te
361 3690 567 3747 totam
614 3678 1013 3763 mancipasti.

155 3867 369 3952 Quem
411 3888 651 3957 magno
696 3890 839 3936 cum
882 3870 1165 3955 tripudio

256 3978 472 4061 angeli
517 3974 950 4041 laudaverunt

173 4097 527 4165 pacemque
576 4100 718 4147 cum
761 4079 1007 4163 gaudio

258 4181 320 4245 in
362 4185 555 4249 terris
599 4183 989 4250 cecinerunt.

179 4366 375 4447 ouem
414 4382 743 4458 pastorem
788 4373 1064 4439 omnium

235 4477 553 4557 'pastores
599 4483 1077 4562 cognoverunt,

182 4572 330 4638 dum
373 4578 774 4670 inopraesepe
822 4582 1078 4648 dommu‘
1077 4601 1141 4648 m

256 4675 577 4761 jacentem
618 4685 1020 4753 invenerunt.

1516 868 1639 948 Qui
1672 869 1865 954 juxta
1909 869 2099 933 ritum
2143 867 2418 934 hominis

1601 993 1833 1060 passus
1879 974 2425 1040 circumcisionem

1515 1075 1724 1142 duleis
1768 1076 1965 1143 Jesus
2013 1076 2286 1141 nominis

1603 1181 1777 1265 cepit
1822 1169 2309 1265 impositionem.

1371 1373 1410 1435 5
1515 1367 1639 1446 Qui
1682 1389 1723 1434 a
1767 1369 1982 1442 tribus
2016 1368 2284 1451 regibus

1601 1471 1935 1535 ferventer
1980 1470 2290 1536 adoratur

1514 1578 1895 1659 magnisque
1941 1577 2309 1641 muneribus

1604 1679 1912 1744 decenter
1948 1685 2315 1743 veneratur.

1486 1865 1721 1945 Quem
1765 1866 1870 1932 die
1921 1869 2418 1953 quadragesima

1332 1969 1418 2033 10
1601 1970 1667 2033 in
1711 1969 1955 2053 templo
1996 1973 2411 2054 praesentasti

1521 2092 1603 2139 ac
1646 2074 1865 2157 Moysi
1908 2074 2196 2157 legitima
2307 2077 2310 2082 ’

1608 2175 1963 2259 spontenee
2009 2179 2254 2242 subisti.

1522 2365 1723 2445 Quem
1767 2367 2094 2466 Herodem
2138 2368 2396 2453 fugiens

1605 2468 1990 2556 Aegyptum
2033 2471 2390 2558 adduxisti,

1330 2572 1411 2636 15
1519 2574 1780 2640 tandem
1828 2575 1979 2641 inde
2024 2576 2286 2641 rediens

1607 2680 1694 2745 ad
1736 2679 2066 2745 Nazareth
2116 2681 2368 2746 venisti.

1521 2868 1722 2948 Quem
1768 2870 1853 2935 ad
1903 2871 2073 2936 festa
2114 2872 2436 2939 transiens

1607 2972 1903 3037 dolenter
1945 2975 2322 3059 perdidisti,

1520 3074 1640 3140 sed
1683 3092 1835 3139 mox
1879 3075 2181 3160 templum
2228 3078 2456 3144 adiens

1331 3177 1418 3245 20
1606 3176 1970 3260 gaudenter
2012 3180 2332 3263 reperisti.

1521 3369 1724 3449 Quem
1766 3387 2065 3436 manuum
2107 3391 2229 3456 per
2274 3388 2479 3458 opera
2518 3367 2523 3372 ’

1606 3471 1880 3537 sollicite
1925 3472 2179 3537 nutristi

1518 3586 1586 3643 et
1629 3580 1696 3644 in
1740 3587 1933 3645 aetate
1980 3587 2206 3646 tenera

1604 3686 1670 3749 in
1714 3687 2005 3752 omnibus
2049 3685 2413 3772 providisti.

1326 3874 1412 3937 25
1517 3873 1719 3953 Quem
1769 3876 1835 3939 in
1877 3874 2187 3941 Jordanis
2229 3876 2491 3943 flumine

1600 3976 1939 4044 Johannes
1983 3979 2342 4062 baptizavit

1515 4087 1586 4146 et
1627 4101 1864 4164 agnum
1909 4079 2016 4146 dei
2060 4081 2267 4164 digito

1599 4185 1839 4251 mundo
1883 4184 2365 4251 demonstravit.

1516 4373 1717 4452 Quem
1761 4382 2027 4440 satanas·
2070 4376 2320 4440 astutiis

1323 4479 1409 4544 30
1601 4479 1849 4544 trifarie
1893 4480 2196 4557 tentavit,

1514 4586 1810 4650 salvator
1849 4584 1969 4649 sed
2012 4585 2318 4678 versutiis

1488 4743 1494 4748 .
1543 4695 1550 4700 ’
1598 4688 1953 4775 prudenter
1997 4688 2303 4757 obviavit.

2678 1079 2764 1145 35

2610 1651 2767 1746 ‘ao

2680 2372 2767 2437 45

2679 2977 2765 3045 50

2561 3581 2762 3656 ‚55

2674 4187 2757 4253 60
