3167 5242
195 455 1367 539 &crodeufflnesaextodom
1509 453 2215 554 ,ammianum

298 569 366 628 et
406 562 729 628 hominem
771 568 990 628 natum
1631 575 1978 640 conserva,
2024 564 2266 641 mater,
2307 574 2428 623 nos
2471 567 2540 626 et
2583 567 2788 628 tuere.

296 663 736 730 resurrexisse
780 659 1228 746 glorificatum.
1633 657 1943 747 Alleluja.

299 800 552 870 Scimus
579 799 905 869 Chi-Istum
930 801 1291 867 surrexisse
1359 800 1443 865 20

374 999 494 1054 Ans
543 997 988 1071 geschriebenen
1034 998 1310 1053 Zusfitzen
1359 997 1460 1053 des
1512 998 1578 1051 15
1614 997 1809 1053 Jahrb.
1857 998 1917 1054 in
1964 1000 2144 1054 einem
2192 998 2346 1054 alten
2393 999 2691 1056 nessbneh
2723 1016 2795 1055 sn

201 1085 538 1142 Neuhausen
574 1084 667 1139 bei
700 1081 1024 1139 Psorzheim
1059 1084 1189 1154 (N).
1239 1084 1407 1140 Diese
1439 1083 1538 1141 Hs.
1574 1085 1676 1140 hat
1711 1083 1803 1141 die
1839 1085 2195 1157 Endstroplie
2229 1082 2338 1141 auf
2356 1086 2568 1144 Christi
2583 1086 2796 1144 Geburt

194 1171 599 1245 angurium,
664 1171 937 1227 wahren-l
982 1170 1076 1226 die
1109 1170 1323 1227 andern
1357 1170 1487 1227 dem
1520 1170 1708 1228 Inhalt
1745 1170 1847 1227 der
1883 1172 2293 1242 ostersequenz
2327 1168 2538 1244 folgen.
2608 1172 2798 1230 Daher

192 1257 588 1316 flberschreibt
641 1258 726 1312 sie
761 1274 868 1314 nur
900 1259 1111 1316 Prosa:
1162 1258 1233 1313 do
1265 1258 1320 1313 b.
1356 1273 1411 1312 ν.
1446 1257 1516 1314 n.
1584 1258 1749 1314 Auch
1793 1259 1852 1316 in
1899 1259 2003 1314 der
2047 1257 2377 1331 Sammlung
2421 1258 2526 1315 «los
2568 1260 2796 1320 Gom

198 1347 258 1404 S.
299 1348 404 1401 503
440 1345 549 1417 (G)
587 1345 696 1400 und
733 1344 790 1399 in
827 1345 981 1400 einer
1018 1345 1112 1400 Hs.
1148 1362 1217 1400 zu
1253 1345 1609 1401 [dchtenthal
1643 1346 1744 1402 des
1783 1348 1850 1400 15
1885 1345 2082 1402 Jahrh.
2119 1345 2222 1400 mit
2256 1344 2357 1408 der
2391 1344 2633 1402 melodis
2669 1346 2795 1417 (L).

196 1432 293 1490 Hs.
329 1433 429 1488 der
463 1432 1040 1492 Sem'narbibliothek
1075 1450 1146 1489 zu
1179 1432 1375 1490 Trient
1407 1435 1508 1490 mit
1543 1435 1646 1490 der
1679 1433 1952 1504 Melodie,
1991 1434 2061 1489 14
2094 1433 2290 1491 Jahn-h.
2337 1434 2448 1505 (Τ)
2463 1473 2480 1504 ,
2544 1435 2658 1492 und
2691 1436 2798 1494 der

199 1518 615 1580 Ueberschrift:
653 1527 909 1592 tempore
944 1520 1202 1594 paschali
1237 1521 1561 1593 sequentia3
1632 1522 1773 1578 aber
1805 1522 1952 1577 nach
1984 1521 2147 1576 ihren
2182 1520 2455 1578 Lesarten
2488 1522 2701 1582 konnte
2731 1538 2797 1580 es

196 1608 345 1665 auch
392 1607 480 1664 als
526 1608 849 1679 Antiphone
897 1604 1005 1664 auf
1045 1607 1255 1664 Christi
1300 1606 1654 1666 Himmelfart
1706 1625 2000 1685 gesuugen
2052 1609 2298 1665 werden.
2366 1612 2559 1668 Daniel
2587 1611 2655 1680 2,
2690 1609 2797 1666 198

202 1695 330 1768 gibt
364 1695 469 1750 den
505 1692 750 1768 Anfang.

375 1818 411 1870 2
465 1816 763 1872 concinunt
814 1816 873 1871 L.
981 1818 1019 1871 4
1068 1815 1358 1888 praeconia
1408 1814 1470 1873 G.
1572 1818 1607 1871 5
1654 1815 2093 1873 reconciliantur
2139 1818 2253 1875 GN.
2359 1821 2394 1873 7
2442 1815 2699 1891 paschali
2735 1815 2796 1872 1..

186 1904 231 1960 8
264 1909 651 1976 praeceptores
684 1901 747 1960 G.
844 1904 914 1957 10
945 1898 1111 1960 suffit
1145 1903 1297 1959 steht
1330 1908 1431 1960 tua
1460 1918 1565 1974 per
1601 1904 1894 1980 praeconia
1925 1903 1984 1960 G.
2082 1907 2153 1960 12
2204 1905 2302 1961 vel
2333 1903 2685 1962 mandentis
2728 1903 2791 1962 Τ.

201 1993 274 2047 18
308 2006 503 2046 verum
554 1988 595 2047 f.
628 1996 740 2047 nat.
776 1990 836 2045 1..
920 1991 989 2045 19
1026 2006 1134 2045 res.
1161 1990 1288 2064 jam
1322 1989 1644 2046 ascendisse
1679 1990 1826 2064 glor.
1879 1992 1939 2046 Τ.
2008 1993 2081 2047 2⁰
2115 1993 2494 2049 resurrexisse
2533 1993 2607 2062 T,
2662 2006 2797 2063 pro·

204 2078 446 2136 cessisse
481 2076 594 2135 NG.
691 2080 761 2132 21
808 2094 879 2132 ex
929 2092 999 2134 m.
1050 2094 1102 2132 v.
1151 2076 1248 2132 vel
1298 2076 1620 2132 ascendisse
1684 2092 1854 2148 super
1903 2077 2080 2134 coelos
2133 2095 2270 2134 vere
2319 2080 2390 2150 T,
2452 2078 2522 2135 de
2570 2079 2796 2153 virgine

200 2172 382 2223 matre
418 2166 485 2234 N,
521 2182 592 2220 ex
625 2164 808 2220 Uaria
841 2180 977 2220 vere
1013 2163 1075 2221 G.
1141 2166 1213 2219 22
1250 2169 1311 2220 tu
1346 2163 1511 2220 nobis
1546 2168 1678 2219 nate
1712 2179 1815 2219 rex
1847 2163 2111 2220 miserere
2149 2164 2216 2219 N.

1013 2467 1184 2544 504.
1247 2466 1677 2544 Psalterium
1718 2467 1987 2543 Mariae.

206 2673 356 2742 Ave
399 2680 591 2759 porta
633 2670 952 2758 paradisi,
1554 2680 1625 2738 ut
1670 2675 1752 2737 ab
1798 2672 1987 2738 hoste
2031 2671 2422 2756 liberentur,

202 2777 449 2861 lignum
490 2779 676 2858 vitae,
724 2776 896 2861 quod
943 2778 1162 2860 amisi,
1555 2796 1595 2842 a
1639 2795 1767 2861 quo
1812 2780 1987 2864 capti
2031 2777 2415 2843 detinentur.
2713 2777 2799 2844 2⁰

204 2901 329 2970 per
371 2888 438 2946 te
481 2882 636 2946 mihi
668 2881 809 2966 jam
852 2879 1167 2946 dulcescit

208 2991 279 3047 et
325 2984 551 3048 salutis
596 2984 841 3048 fructus
887 2983 1140 3048 crescit.
1554 2940 1707 3009 Ave
1753 2944 1930 3010 Salus
1972 2943 2368 3011 infirmOrssffl

1556 3055 1625 3111 et
1667 3048 1951 3112 solamen
1998 3049 2376 3114 miserorum
2392 3098 2411 3132 ‚

198 3145 363 3217 Ave
406 3164 652 3212 morum
698 3144 1056 3230 disciplina,
1413 3150 1453 3212 ⁵
1558 3170 1598 3216 a
1641 3147 1861 3215 furore
1904 3151 2088 3216 nimis
2133 3153 2300 3216 tristi

209 3252 365 3317 vitae
408 3251 552 3332 via,
594 3250 707 3315 lux
752 3248 1000 3331 divina,
1556 3272 1678 3319 nos
1722 3252 1998 3318 defende
2042 3261 2247 3320 mater
2294 3249 2553 3320 Christi.

209 3357 371 3421 iram
416 3353 522 3420 dei
562 3354 871 3437 mitigasti
891 3403 909 3438 ,
1879 3420 1895 3435 ,

211 3456 470 3541 quando
515 3453 836 3521 Christum
881 3455 1229 3540 generasti.
1555 3417 1746 3505 Ave’
1792 3438 1975 3506 (ΝΜ
2020 3437 2136 3486 ‘⁵⁰¹'
2180 3428 2246 3486 θ*
2286 3439 2480 3485 ‘⁸⁰⁶³
2716 3421 2804 3485 ²5

1310 3551 1315 3560 ·
1556 3533 1853 3592 scrutans
1899 3523 2058 3589 deus
2105 3543 2302 3609 supra
2346 3543 2538 3592 senes

210 3622 362 3689 Ave
407 3624 626 3707 virgo,
674 3623 860 3707 cujus
905 3623 1149 3688 clamor
1557 3636 1625 3695 te
1669 3629 1912 3695 invenit
1954 3628 2191 3695 mundo
2227 3629 2453 3714 corde,

204 3729 416 3794 nostri
458 3729 604 3813 pius
648 3729 767 3792 fuit
810 3744 1020 3809 amor,
1374 3728 1454 3791 10
1556 3733 1955 3819 impollutam
1998 3734 2169 3798 omni
2212 3732 2425 3798 sorde.

212 3836 323 3918 qui
365 3833 448 3900 de
495 3842 709 3899 monte
758 3834 1131 3918 exauditur,

211 3939 481 4004 verbum
530 3938 709 4004 carni
755 3938 905 4002 dum
948 3939 1180 4004 unitur.
1560 3895 1712 3962 Ave
1728 3944 1748 3981 '
1792 3916 1979 3983 (Ἅι-’ΠΒ
2022 3916 2088 3961 ¹¹¹
2130 3896 2267 3963 mm

1562 4008 1785 4066 nostra
1827 4001 1902 4067 fit
1943 4002 2228 4068 visitatio
2247 4051 2263 4082 ‚
2718 4000 2806 4066 80

211 4099 365 4168 Ave
411 4101 597 4187 cujus
639 4099 1071 4183 refulgentem
1562 4103 1668 4169 cui
1713 4102 1957 4168 decoro
2000 4104 2213 4187 gloria

208 4203 525 4290 splendor
566 4205 775 4290 patris
820 4203 975 4268 fecit
1016 4209 1326 4288 mentem,
1559 4215 1752 4293 pater
1794 4208 2072 4291 subjecit
2115 4207 2343 4272 omnia.

210 4306 299 4373 de
343 4308 688 4395 splendore
731 4307 946 4375 vultus
991 4309 1093 4375 sui
1375 4309 1455 4372 15

214 4411 324 4478 fac
368 4412 699 4496 signentur
744 4414 922 4479 servi
965 4413 1074 4479 tui.
1559 4369 1713 4438 Ave
1755 4371 1946 4455 Virg⁰
1961 4418 1979 4454 ’
2021 4389 2172 4489 ⁴¹1¹ae
2212 4368 2296 4435 ὼ
2341 4370 2550 4490 99¹⁸&
2633 4405 2638 4412 ⁴

1562 4492 1682 4541 nos
1727 4475 1980 4539 exaltas
2024 4473 2185 4539 dirae
2228 4481 2482 4558 mortis,

210 4572 369 4642 Ave
415 4577 716 4662 templum
761 4585 1055 4644 sanctum
1090 4576 1231 4662 dei,
1560 4588 1632 4645 ut
1675 4580 1742 4644 in
1784 4579 1991 4665 portis
2035 4576 2195 4644 Sion
2238 4587 2476 4645 stemus
2722 4579 2809 4645 36

206 4678 302 4748 ad
347 4677 523 4764 quod
564 4689 830 4747 currunt
875 4698 1097 4746 omnes
1138 4681 1269 4767 rei,
1558 4691 1754 4769 teque
1799 4684 1996 4771 digne
2039 4683 2494 4754 collaudemus.
