3167 5242
325 452 479 523 Jam
521 453 608 518 de
650 458 828 517 terra
871 450 1115 515 veritas
1683 466 1849 531 puer
1883 445 2069 532 jacet
2110 452 2179 512 et
2220 454 2497 514 coronat

326 565 476 625 orta
518 563 649 641 est,
693 574 817 622 nec
860 554 1123 620 castitas
1683 560 2071 635 mansuetos,
2114 560 2205 642 ut⁸
2229 551 2516 638 deponat

325 657 598 727 incurrit
638 656 960 741 contagia.
1683 652 1856 720 filios
1908 656 2257 742 superbiae.

324 834 383 904 0
429 855 620 920 quam
661 844 924 902 sanctus
969 842 1160 921 pater
1202 835 1354 917 iste,
1490 834 1575 899 40
1684 842 1911 913 Gratia
1951 845 2290 912 illuminati
2853 849 2951 912 60

325 939 394 1005 in
440 959 567 1025 quo
612 941 773 1006 nihil
815 941 936 1006 fuit
980 941 1163 1006 triste
1178 989 1196 1024 ‚
1682 946 1769 1013 ad
1810 967 2114 1032 praesepe
2157 948 2336 1032 regis
2376 948 2545 1033 nati,

324 1044 519 1111 imno
564 1045 798 1131 plenus
845 1044 1108 1129 gaudio.
1684 1049 1795 1134 qni
1835 1051 2042 1116 verba
2084 1050 2234 1114 libri
2275 1050 2517 1134 signati

962 1224 976 1240 ‚
1680 1153 1863 1220 solus
1905 1161 2126 1239 potest
2169 1154 2396 1239 legere
2413 1202 2432 1239 ,

325 1223 580 1293 Proeter
623 1242 869 1289 morem
912 1224 1020 1290 hic
1064 1233 1166 1290 est
1210 1231 1471 1310 partus,

325 1325 540 1392 nullut
584 1334 827 1409 gravat
870 1325 1058 1392 dolor
1103 1334 1282 1393 ”m
1684 1343 2019 1412 Canticum
2062 1362 2297 1410 novum
2343 1351 2674 1410 cantemus
2689 1391 2708 1428 ,

326 1428 600 1512 Virginis
648 1428 731 1493 (10
777 1428 930 1494 filio·
1493 1431 1578 1495 45
1681 1450 1955 1533 virginis
1996 1456 2254 1533 partum
2296 1449 2632 1516 laudemus
2649 1498 2668 1535 ,
2848 1453 2940 1516 65

1682 1572 1923 1620 novum
1965 1553 2194 1618 ducem
2239 1550 2580 1619 adoremus
2596 1600 2616 1638 ,

327 1609 754 1679 obumbravit
797 1619 865 1676 et
909 1613 1195 1677 sacravit
1669 1658 1795 1741 ,qui
1837 1673 1958 1721 ,ιω
2000 1656 2182 1721 venit
2226 1676 2545 1740 qnaerere.

328 1720 586 1800 partum
629 1715 806 1781 illum
850 1724 983 1781 tam
1028 1713 1438 1798 tranquillum

329 1819 665 1904 Plffliffldo
710 1820 943 1904 &¹⁸⁶5ae
963 1867 982 1902 2
1630 1866 1649 1881 ²
1683 1845 1867 1930 Ergo
1910 1844 2116 1910 nostri
2157 1842 2582 1928 reformator,

1685 1958 1830 2015 esto
1874 1950 2080 2015 nostri
2122 1949 2498 2034 miserator,

1686 2053 1947 2119 Christe
1989 2062 2197 2139 pater,
2235 2070 2398 2136 quos
2436 2050 2693 2133 creasti,
2854 2052 2940 2119 ⁷0

1689 2176 1962 2244 quorum
2005 2164 2254 2222 mentes
2302 2163 2369 2221 tu
2404 2156 2681 2240 signasti

1687 2262 1905 2328 vultus
1949 2262 2043 2326 tui
2084 2261 2340 2344 lumine,

328 1999 420 2068 Ut
463 2002 673 2068 exiret
718 2012 784 2069 et
828 2003 1127 2090 prodiret

329 2106 525 2171 homo
570 2127 862 2192 magnuS,
908 2126 1105 2172 verus
1152 2126 1380 2191 agnus,
1496 2106 1580 2169 50

327 2215 586 2294 yemmoe
627 2213 1006 2279 substantioe.

328 2387 444 2459 Ad
488 2390 769 2458 delenda
810 2393 1037 2457 mortis
1072 2392 1231 2475 jura

330 2496 545 2561 carnis
589 2504 862 2578 nostrae,
909 2514 1100 2578 quam
1143 2501 1375 2560 natura

327 2596 500 2662 intra
546 2598 831 2664 claustra
879 2599 1043 2682 tegit
1084 2619 1251 2684 pura

1686 2445 1777 2514 Ut
1819 2448 1908 2514 ad
1950 2468 2222 2532 regnum
2265 2447 2734 2534 perducamur,

1689 2553 1866 2638 quod
1908 2553 2187 2619 futurum
2229 2551 2685 2639 praestolamur
2698 2598 2717 2635 ,

328 2702 663 2783 genitricis
707 2702 959 2768 Mariae.
1498 2703 1582 2765 55
1689 2665 1756 2722 et
1799 2657 2093 2722 laetemur
2136 2666 2265 2723 tuae
2310 2656 2524 2741 pacis,
2857 2653 2943 2717 ’15

1690 2760 1948 2844 quando
1992 2761 2180 2826 bonis
2224 2760 2591 2843 benefaciS,

330 2860 527 2928 ortus
574 2861 819 2930 Christi
864 2883 1094 2949 pacem
1139 2863 1369 2948 donat,
1689 2864 1773 2928 de
1817 2864 2232 2932 beatitudine.

514 3065 610 3122 Hs.
647 3082 720 3122 zu
752 3066 1234 3126 Pommersfelden
1267 3069 1362 3125 bei
1395 3069 1699 3142 Bamberg,
1747 3071 1819 3125 14
1850 3068 2047 3125 Jahrb.
2084 3084 2198 3125 von
2235 3064 2655 3123 franzosischer
2690 3063 2875 3121 Hand.

521 3206 593 3259 22
629 3205 722 3261 die
754 3203 794 3263 f.
830 3207 948 3279 dic,
1000 3209 1098 3264 Hs.
1166 3209 1238 3264 29
1273 3208 1484 3279 vincit,
1535 3209 1633 3266 Hs.
1699 3209 1771 3264 43
1806 3213 2070 3278 mortem,
2124 3207 2219 3264 Hs.
2313 3209 2385 3262 44
2421 3205 2588 3261 dolor
2622 3202 2795 3276 fehlt,
2848 3204 2949 3261 Hs.

332 3293 403 3346 55
440 3294 763 3366 genetricis,
800 3296 896 3352 Hs.
970 3299 1041 3352 76
1077 3313 1258 3369 quam,
1293 3297 1388 3354 Hs.

513 3434 579 3488 V.
618 3438 841 3491 13—15.
877 3436 909 3492 ὁ
929 3439 1121 3514 χορὸς,
1159 3437 1406 3507 θεοτόκε,
1441 3437 1550 3495 τῶν
1584 3437 1877 3515 προφητῶν
1912 3440 1977 3494 σὲ
2011 3434 2335 3516 προήγγειλε
2370 3436 2544 3493 πάλαι
2569 3436 2951 3514 σκιογραφὸς.

329 3520 558 3575 Acoltttlt.
592 3522 869 3594 δρψ-ἰάθη.
906 3541 962 3596 p.
1000 3527 1087 3582 18.

509 3607 579 3662 V.
619 3610 703 3663 15.
755 3612 1009 3669 Christus
1058 3614 1374 3670 humanitus
1419 3618 1585 3671 natus
1634 3620 1694 3670 et
1739 3630 1942 3687 passus
1979 3619 2068 3670 est
2103 3629 2139 3669 a
2172 3613 2494 3686 prophetis,
2556 3627 2663 3685 per
2695 3611 2950 3684 prophe-

330 3693 501 3750 ticam
537 3704 790 3767 gentem,
844 3716 951 3772 per
984 3701 1377 3773 propheticum
1419 3702 1714 3775 populum,
1776 3717 1880 3774 per
1916 3701 2302 3774 propheticum
2338 3716 2577 3774 regnum
2611 3705 2773 3756 tanto
2811 3704 2951 3756 anto

329 3781 654 3854 praedictus.
725 3787 989 3857 Auyustin.
1028 3796 1176 3846 cont.
1212 3791 1403 3847 Faust.
1445 3793 1530 3860 12,
1568 3792 1657 3845 45.

509 3872 576 3928 V.
614 3874 701 3928 22.
752 3874 950 3929 Daniel
982 3879 1036 3943 2,
1069 3879 1155 3932 34.

509 3959 575 4014 V.
611 3962 698 4016 33.
751 3963 945 4018 David.
1002 3963 1053 4018 si
1087 3965 1343 4022 Christus
1379 3981 1494 4023 non
1530 3969 1622 4021 est
1656 3969 1821 4022 natus
1860 3962 1920 4019 in
1956 3978 2126 4019 carne
2145 4003 2160 4033 ,
2197 3961 2477 4033 quomodo
2514 3965 2757 4018 vocatur
2792 3956 2949 4017 filins

331 4044 514 4100 David
527 4047 556 4101 *ἒ
627 4047 841 4105 Hieron.
877 4050 934 4105 in
969 4050 1163 4107 Matth.
1197 4054 1249 4122 9,
1282 4053 1370 4108 29.

509 4137 576 4193 V.
613 4142 708 4198 51.
735 4158 838 4198 ans
873 4142 1218 4199 Ambrosius.
1281 4144 1387 4201 No.
1420 4144 1508 4213 30,
1546 4145 1632 4200 19.

507 4225 577 4282 V.
609 4229 698 4284 56.
751 4245 950 4300 pacem
990 4231 1188 4301 donat,
1243 4231 1381 4286 weil
1415 4230 1595 4287 durch
1630 4229 1841 4287 Christi
1876 4228 2089 4285 Geburt
2136 4229 2227 4284 die
2262 4223 2629 4286 Feindschast
2663 4227 2954 4283 zwischen

327 4314 572 4371 Bimmel
605 4317 717 4373 und
751 4319 902 4376 Erde
940 4319 1242 4389 versohnt,
1293 4319 1395 4374 das
1429 4319 1737 4376 Getrennte
1772 4318 2056 4390 vereinigt
2091 4318 2202 4374 und
2238 4318 2329 4374 die
2365 4316 2776 4374 Scheidswand
2812 4314 2961 4371 zwi-

331 4404 507 4460 scben
533 4404 667 4463 Gott
694 4409 806 4464 und
832 4409 958 4465 dem
974 4410 1276 4466 menschen
1302 4406 1552 4466 entfernt
1577 4409 1793 4464 wurde.
1845 4409 1952 4464 No.
1969 4409 2095 4479 388,
2113 4411 2199 4464 22.
2227 4409 2334 4465 Νο.
2359 4409 2485 4481 386,
2502 4410 2552 4464 5.
2586 4408 2694 4463 No.
2712 4406 2839 4475 364,
2857 4407 2953 4460 27.

334 4489 468 4563 Vgl.
497 4495 533 4547 2
570 4495 821 4552 Corinth.
857 4499 910 4567 ὅ,
947 4498 1034 4554 18.

377 4620 384 4627 -
508 4587 578 4643 V.
609 4592 696 4645 71.
747 4592 1043 4651 Passionis
1080 4600 1139 4652 et
1173 4595 1357 4651 crucis
1386 4592 1560 4666 signo
1594 4593 1654 4648 in
1690 4590 1880 4650 fronte
1915 4597 2199 4664 tamquam
2230 4592 2292 4648 in
2324 4598 2492 4665 poste
2520 4592 2832 4665 signandus
2866 4608 2955 4663 es,

334 4688 638 4748 omnaque
674 4678 968 4741 christiani
1001 4684 1312 4757 signnm.
1346 4683 1615 4756 Δηναίη.
1649 4679 1719 4738 de
1758 4680 1973 4738 catech.
2002 4679 2239 4749 rue-35.
2307 4676 2680 4756 signaculum
2712 4678 2807 4737 (lei
2838 4686 2955 4753 est,
