3167 5242
2630 303 2763 371 sot

683 695 853 769 558.
928 693 1186 769 Oratio
1238 695 1329 784 ad
1380 696 1765 798 gloriosam
1819 726 1882 770 v,
1936 700 2256 773 Mariam.

157 881 335 950 Ecce
380 882 467 947 ad
509 889 575 947 te
619 882 957 966 confugio,

156 986 381 1068 virgo,
426 993 651 1050 nostra
691 986 1009 1074 salvatio,

156 1087 314 1152 fons*
352 1088 578 1151 salutis
626 1094 692 1151 et
733 1087 946 1152 veniae
964 1135 982 1170 ‚

156 1195 382 1253 mater·
407 1187 883 1254 misericordiae.

159 1374 374 1442 Serva
418 1377 503 1442 ad
547 1385 611 1442 te
657 1376 1015 1461 fugientes,

153 1481 345 1546 salva
388 1481 452 1545 in
498 1465 564 1545 te
607 1480 1046 1565 confidentes,

0 1633 18 1671 ς,
158 1603 356 1669 super
401 1604 622 1650 omnes
667 1595 733 1649 te
777 1603 1020 1669 exoro,

151 1709 354 1775 super
398 1710 620 1756 omnes
665 1700 732 1756 te
774 1691 1068 1775 imploro.

160 1882 258 1948 Tu
302 1903 374 1947 es
419 1884 587 1947 enim
629 1882 987 1967 potentior,

153 2004 357 2068 super
401 2003 624 2049 omnes
669 1992 735 2048 et
781 1983 1062 2066 dulcior,

156 2106 355 2172 super
401 2107 622 2153 omnes
667 2088 994 2170 humilior,

155 2209 354 2277 super
400 2210 621 2257 omnes
667 2193 1016 2257 sublimior.

155 2385 383 2452 Nullus
429 2385 594 2450 enim
640 2384 1105 2469 confundetur,

156 2492 322 2556 sicut
358 2510 548 2573 reor,
592 2507 712 2556 nec
748 2490 1091 2575 perdetur,

157 2593 268 2678 qui
312 2614 384 2658 se
427 2596 546 2660 tibi
591 2595 1097 2678 commendabit,

116 2692 122 2697 ’
159 2699 267 2781 qni
307 2706 374 2784 ιθ
420 2718 584 2782 pure
628 2699 973 2764 invocabit.

157 2887 212 2954 Ο
257 2889 504 2970 Maria,
549 2896 758 2952 mater
801 2886 940 2969 dei,

154 2995 746 3077 miserereprecor-
784 2992 912 3055 mei

153 3105 349 3181 atque
394 3115 516 3181 pro
561 3116 663 3159 me
707 3112 873 3191 roga
916 3092 1107 3159 deum
1121 3141 1138 3174 ,

157 3211 227 3268 ut
272 3201 572 3268 absolvat
614 3202 805 3265 istum
847 3218 1043 3263 reum.

153 3393 332 3460 Ecce
377 3393 495 3457 tibi
536 3412 638 3456 me
675 3390 1053 3456 commendo

151 3509 222 3564 et
265 3518 367 3562 me
413 3517 669 3566 servum
715 3498 830 3563 tibi
871 3495 1098 3580 redde,

156 3609 254 3685 tuf
298 3600 554 3666 domina
573 3648 590 3683 ‚
635 3619 736 3663 me
781 3599 1040 3681 suscipe

155 3715 224 3769 et
268 3705 617 3771 clementer
659 3704 787 3767 huc
829 3703 1102 3787 respice.

0 3811 84 3882 itt&

0 3903 88 3976 μηδ
153 3897 436 3982 Respice
480 3897 681 3980 hunc,
727 3916 766 3962 o
811 3897 1053 3982 Maria,

153 4008 364 4066 mater
409 4000 517 4066 dei
559 4007 625 4064 et
667 3999 836 4082 filia,

0 4096 74 4165 αἵθ’
157 4111 226 4168 et
267 4103 460 4167 visita
501 4123 604 4167 me
647 4104 948 4168 miserum

0 4163 94 4333 ἓξ
152 4224 539 4290 oppressum
581 4207 750 4270 mole
797 4207 1130 4273 scelerum.

29 4363 94 4412 ρ
153 4399 321 4465 Nam
366 4400 423 4463 si
467 4406 536 4464 tu
579 4419 680 4464 me
725 4399 1046 4484 visitabis,

0 4525 100 4606 n?
152 4502 482 4568 visitando
526 4526 627 4569 me
671 4505 1018 4593 purgabis,

15 4601 106 4686 1113*
156 4615 269 4672 tua
314 4615 413 4671 est
457 4609 738 4674 visitatio

0 4767 9 4779 .
53 4691 110 4762 μ’
152 4716 570 4793 peccatorum
613 4712 924 4777 remissio.

1324 1983 1403 2046 10

1322 2595 1400 2676 15

1317 3199 1400 3262 20

1316 3900 1397 3962 25

1509 881 1724 949 Serva
1768 885 1883 950 tibi
1927 888 2436 960 commendatum
2455 939 2473 974 ,

1509 987 1627 1050 tibi
1668 988 1917 1051 servire
1960 997 2290 1074 paratum,

1509 1096 1641 1154 tuae
1688 1089 1922 1154 donum
1965 1092 2225 1174 pietatis
2670 1095 2755 1159 35

1507 1213 1611 1257 me
1658 1193 1957 1259 absolvat
1999 1214 2039 1258 a
2082 1195 2390 1278 peccatis.
2513 1267 2520 1275 ,

1510 1383 1634 1467 Te,
1680 1384 1921 1466 Maria,
1963 1371 2305 1468 invocare,

1507 1488 1635 1552 hoc
1680 1496 1778 1553 est
1823 1507 1997 1573 opus,
2030 1489 2343 1572 salutare,

1507 1609 1742 1656 nomen
1788 1601 1967 1664 tuum
2009 1593 2200 1658 dulce
2245 1594 2429 1658 nimis

1505 1696 1988 1762 memorandum
2032 1707 2133 1762 est
2174 1699 2497 1782 imprimis.
2666 1700 2752 1764 40

1505 1890 1634 1957 Ubi
1675 1910 1906 1956 nomen
1951 1900 2129 1957 tuum
2173 1901 2393 1976 sonat,

1507 2013 1689 2078 spem
1735 1995 1962 2058 salutis
2014 1995 2166 2058 mihi
2213 1994 2449 2077 donat,

1507 2095 1816 2178 quidquid
1862 2117 1900 2160 a
1943 2116 2047 2160 me
2090 2104 2565 2180 perpetratum,

1505 2199 1675 2264 tollit
1717 2199 1869 2262 mihi
1915 2200 2043 2263 hoc
2086 2208 2443 2282 peccatum.

1506 2391 1625 2455 Ille
1669 2397 1889 2473 potest
1932 2388 2318 2473 desperare,
2661 2392 2748 2453 45

1509 2494 1618 2577 qui
1663 2502 1726 2558 te
1772 2512 1901 2558 non
1944 2494 2085 2557 vult
2127 2494 2472 2575 invocare,

1506 2602 1645 2659 tota
1690 2596 1856 2660 enim
1902 2603 2127 2660 nostra
2170 2595 2348 2659 salus
2432 2611 2443 2622 ·

1507 2719 1593 2762 ex
1637 2707 1703 2764 te
1736 2699 1890 2782 ‚sola
1914 2696 2368 2782 progreditur.

2126 2801 2129 2804 '
2296 2797 2323 2826 0

1504 2891 1843 2974 Nunquam
1888 2907 2151 2974 possum
2196 2890 2584 2975 desperare,

1506 2996 1564 3059 si
1608 3003 1674 3058 te
1719 2995 1872 3080 volo
1914 2996 2255 3077 invocare,
2662 2997 2753 3060 50

1504 3118 1627 3182 per
1673 3107 1736 3162 te
1782 3100 1951 3161 enim
1995 3119 2096 3162 me
2142 3099 2417 3181 salvari,

1503 3222 1625 3286 per
1672 3211 1737 3266 te
1782 3203 1983 3267 credo
2029 3203 2345 3286 reparari.

1506 3386 1559 3453 Ο
1606 3388 1860 3453 domina
1904 3388 2281 3453 veneranda

1503 3511 1704 3576 super
1743 3512 1966 3559 omnes
2012 3504 2081 3559 et
2120 3494 2476 3579 laudanda,

1505 3598 1566 3661 si
1606 3619 1707 3663 me
1751 3600 1914 3664 velis
1960 3600 2306 3684 adjuvare,
2663 3604 2749 3666 55

1504 3705 1648 3785 quis
1692 3725 1793 3769 me
1840 3715 2037 3788 coget
2079 3706 2487 3791 desperare?

1505 3895 1558 3959 0
1605 3895 1863 3960 domina
1907 3896 2232 3980 gloriosa,

1504 4020 1704 4084 super
1749 4020 1969 4066 omnes
2017 4002 2347 4084 speciosa,

1503 4124 1749 4172 memor
1792 4114 1933 4171 esto
1978 4107 2153 4170 servi
2197 4106 2318 4188 tui,

1385 4215 1394 4306 '¹
1503 4211 1615 4293 qui
1659 4229 1730 4274 se
1777 4209 2247 4274 commendavit
2291 4210 2421 4274 tibi.
2663 4211 2749 4274 60

1314 4507 1398 4570 30

1503 4398 1556 4462 0
1603 4399 1859 4463 domina
1905 4398 2301 4483 dulcissima,

1502 4518 1700 4590 super
1741 4523 1961 4568 omnes
2005 4504 2363 4586 mitissima,

1503 4610 1671 4675 assis
1717 4609 1868 4673 mihi
1913 4602 2299 4693 supplicanti

1499 4722 1570 4778 et
1614 4721 1678 4778 te
1726 4719 1984 4799 semper
2027 4714 2371 4780 invocanti.
