3167 5242
340 282 470 346 18⁶

341 467 568 534 Gaude
612 467 769 531 felix
813 474 880 531 et
912 465 1123 551 jubila
1146 514 1163 549 ,

224 629 229 635 .
339 592 485 640 cum
528 572 719 637 melle
758 570 980 636 fruens
1026 567 1286 652 simae,

336 695 483 772 ‚cum
525 674 695 741 lacte
740 675 967 741 bibem
1011 675 1366 741 balsamm

334 779 506 844 intra
548 779 787 844 amoris
830 778 1179 846 thalui-tm
1191 827 1211 863 ,
1498 776 1582 841 20

1687 464 1789 532 Da
1832 464 2130 530 veritatis
2155 466 2420 549 epulum
2433 513 2454 552 ,

1688 567 2075 632 sinceritatis
2118 567 2448 651 poculum,

1687 678 1760 736 ut
1803 688 1947 736 cum
1992 669 2261 734 sinceris
2307 668 2533 735 animis

1689 774 2022 859 epulemur
2063 774 2131 837 in
2169 774 2442 858 azym’m.

338 946 482 1027 Qua
522 950 635 1009 tua
675 943 891 1028 pascis
938 941 1159 1025 specie
1688 936 1743 1003 Ο
1785 939 2054 1022 insignis
2098 958 2346 1025 sponsa
2390 938 2516 1025 dei,
2857 943 2943 1006 45

337 1050 641 1116 dilectum
684 1047 750 1111 in
794 1044 1099 1128 meridie,
1688 1042 1859 1108 alma
1901 1049 2108 1107 mater
2155 1043 2346 1108 almae
2392 1042 2572 1128 spei,

337 1153 421 1219 de
466 1152 652 1237 cujus
695 1168 922 1216 mensa
954 1150 1143 1232 regia
1686 1147 1931 1231 lignum
1972 1150 2128 1215 vitae
2172 1150 2522 1218 almifluum

334 1256 626 1322 nascitur
670 1253 968 1320 ecclesia.
1686 1250 1962 1318 fructum
2005 1252 2226 1319 ferens
2265 1255 2705 1341 praecipum3

337 1359 423 1425 da
463 1358 652 1424 nobis
699 1356 889 1423 deum
933 1375 1193 1441 sapere,
1497 1357 1581 1419 25
1688 1354 1959 1420 ostende
2005 1358 2191 1423 nobis
2235 1359 2492 1426 sobrias
2873 1403 2878 1408 ·

334 1462 481 1548 ejus
525 1465 745 1527 amore
789 1460 1033 1528 vivere.
1106 1519 1111 1528 ,
1687 1458 1910 1543 sponsi
1958 1465 2026 1524 et
2065 1478 2330 1546 sponsae
2375 1463 2665 1548 nuptias,
2857 1465 2945 1528 50

336 1588 596 1709 Gaude,
641 1644 763 1709 per
807 1642 999 1706 quam
1042 1622 1231 1708 panis
1275 1622 1422 1688 coeli
1685 1561 1907 1731 m:
1942 1560 2128 1731 2¹3¹
2141 1573 2493 1734 ,3²:¹32th

332 1746 497 1794 vero
542 1727 732 1792 datur
774 1725 1049 1810 Israheli
1063 1775 1081 1807 ,
1244 1803 1249 1808 .

336 1851 527 1915 quem
564 1829 727 1894 nulli
769 1828 925 1894 licet
967 1827 1200 1912 edere,
1690 1825 1918 1898 Gaude
1962 1831 2153 1914 virgo
2198 1832 2528 1917 aetherea,

334 1934 444 2018 qui
485 1932 759 1998 necdum
804 1931 928 1996 scit
970 1930 1263 2014 diligere.
1495 1930 1580 1993 30
1685 1953 1878 1999 uvam
1918 1935 2134 1999 mitem
2177 1938 2578 2022 parturiens,

616 2096 629 2111 ,
828 2094 861 2158 f
1108 2095 1227 2159 alis
1681 2055 1848 2102 urna
1895 2037 2133 2106 decens
2157 2048 2244 2124 ,et
2289 2061 2521 2124 aurea,
2860 2043 2946 2106 55

332 2095 826 2285 ggaevffisssfi
855 2102 1106 2160 fument
1124 2200 1133 2263 Ι
1148 2201 1199 2262 ,Β
1245 2142 1265 2178 ’
1685 2161 1913 2210 verum
1955 2162 2192 2210 manna
2236 2145 2612 2231 suscipiens.

329 2304 657 2391 protulisti
697 2303 886 2370 nobis
930 2323 1201 2387 granum
1221 2351 1239 2385 ‚
1683 2301 1892 2389 Hujus
1936 2305 2123 2390 panis
2169 2305 2450 2389 angelici

332 2409 518 2495 cujus
565 2428 681 2473 esu
724 2406 800 2474 fit
844 2426 957 2472 cor
1001 2427 1258 2490 sanum,
1682 2427 1805 2475 nos
1848 2411 2110 2495 repleas
2152 2412 2584 2498 pinguedine,

328 2509 406 2577 fit
445 2511 748 2595 pinguior
768 2557 786 2592 ,
830 2508 906 2573 fit
949 2508 1180 2573 fortior
1495 2511 1578 2573 35
1682 2520 1756 2579 ut
1800 2521 1931 2579 tam
1974 2515 2067 2601 pii
2103 2517 2326 2585 viatici

328 2621 557 2682 noster
599 2614 792 2680 homo
836 2613 1122 2678 interior.
1684 2615 2083 2684 delectemur
2126 2619 2487 2689 dulcedine.
2851 2627 2934 2692 60

331 2777 507 2845 Talis
546 2780 851 2845 frumenti
893 2779 1088 2866 adipe
1174 2765 1183 2774 ’

326 2900 449 2948 nos
493 2884 780 2968 saginari
822 2885 1142 2968 praecipe,

326 3005 412 3051 ne
456 3003 577 3053 cor
617 2993 906 3052 nostrum
952 2987 1183 3053 arefiat

328 3097 394 3155 et
436 3091 504 3156 in
548 3092 659 3157 via
705 3088 983 3157 deficiat.
1490 3092 1574 3156 40

504 3257 764 3335 Dieselbe
799 3278 894 3334 Hs.
929 3276 1015 3334 Bl.
1049 3280 1134 3333 52.

1680 2780 1757 2847 In
1800 2789 1867 2847 te
1912 2781 2103 2850 dulce
2147 2785 2514 2852 convivium

1682 2894 1751 2951 et
1794 2905 2019 2953 omnes
2063 2895 2212 2954 sunt
2255 2887 2530 2974 delitiae,

1678 2989 1748 3053 in
1794 2995 1861 3054 te
1903 2987 2319 3056 electuarium

1683 3097 1752 3156 et
1793 3108 1996 3175 sapor
2037 3093 2241 3157 omnis
2277 3093 2528 3175 gratiae.

499 3380 615 3438 Der
647 3382 877 3456 Anfang
912 3382 1010 3440 des
1045 3382 1243 3439 Liedes
1276 3383 1355 3440 ist
1386 3383 1446 3439 in
1482 3383 1669 3439 Prosa
1702 3379 2011 3454 anfgelost,
2045 3382 2105 3438 in
2139 3382 2392 3441 welcher
2426 3385 2516 3441 die
2550 3385 2743 3442 Reime
2781 3390 2938 3446 noch

327 3466 744 3527 durchblicken.
812 3471 890 3526 Er
921 3471 1107 3528 lautet
1140 3472 1294 3527 also:
1333 3470 1523 3527 Gaude
1549 3469 1734 3527 Maria
1768 3471 2009 3526 omnium
2046 3477 2435 3527 creaturarum
2471 3472 2561 3528 dei
2586 3473 2936 3546 beatissima,

326 3571 454 3627 quse
510 3558 749 3613 omnium
795 3573 1140 3616 communem
1190 3563 1504 3615 amatorem
1550 3575 1629 3615 ex
1683 3565 1741 3615 te
1791 3559 2041 3631 genuisti
2092 3560 2369 3616 hominem
2415 3561 2521 3619 tibi
2566 3562 2934 3619 consimilem.

325 3642 517 3701 Gaude
542 3643 723 3702 Maria
758 3643 983 3701 domina
1013 3646 1215 3716 mundi,
1251 3662 1377 3718 quae
1414 3645 1821 3703 dominatorem
1857 3646 2097 3703 omnium
2132 3647 2308 3704 habes
2344 3644 2519 3704 filium
2554 3649 2661 3706 tibi
2693 3649 2962 3706 sanctis--

325 3731 534 3787 simum.
603 3733 689 3788 Da
721 3733 814 3789 ich
849 3735 1118 3790 hiernach
1156 3735 1257 3792 dan
1293 3735 1731 3808 Strophenmass
1766 3734 1923 3793 nicht
1958 3735 2268 3792 herstellen
2303 3736 2452 3792 kann
2467 3777 2482 3806 ‚
2517 3754 2587 3795 so
2623 3738 2771 3794 lieet
2804 3738 2936 3794 sich

324 3822 471 3878 auch
504 3820 659 3877 nicht
692 3821 793 3877 mit
818 3822 1225 3880 Bestimmtheit
1260 3835 1454 3897 sagon,
1494 3825 1569 3881 ob
1604 3824 1663 3879 in
1699 3823 1806 3878 den
1833 3821 2240 3895 sechszeiligen
2270 3821 2558 3897 Strophen
2583 3825 2730 3881 zwei
2747 3826 2936 3882 Verso

322 3905 517 3965 fehlen
552 3909 693 3966 oden·
724 3908 1098 3983 hinzugeffigt
1132 3912 1270 3966 sind.
1344 3965 1347 3968 ,

500 3998 572 4053 62
610 4004 740 4055 sunt
772 3994 920 4054 fehlt
952 3999 1055 4055 der
1089 3999 1187 4056 Ru.

497 4101 563 4159 V.
598 4104 650 4158 5.
695 4104 878 4176 janua
908 4105 1159 4175 paradisi
1192 4108 1366 4161 neunt
1396 4105 1482 4161 nie
1512 4107 1744 4162 Amelm.
1778 4109 1925 4161 orat.
1961 4107 2051 4160 55.
2100 4105 2207 4162 Νο.
2239 4107 2365 4175 507,
2403 4108 2488 4162 17.
2539 4104 2647 4162 No.
2676 4107 2818 4175 ⁸1⁷„
2839 4107 2932 4161 1⁵.

503 4187 567 4246 V.
604 4193 654 4245 7.
708 4187 853 4247 fons.
907 4192 1069 4247 Weil
1116 4192 1373 4249 Christus
1409 4192 1510 4248 das
1544 4193 1733 4249 Leben
1767 4192 1871 4262 ist,
1906 4209 1973 4249 eo
2015 4191 2198 4248 heisst
2229 4191 2414 4254 Maria
2445 4191 2549 4248 mit
2579 4191 2764 4250 nocht
2795 4194 2934 4259 too-

324 4275 496 4349 δόχος
528 4277 703 4352 πηγή,
757 4279 845 4337 die
883 4281 1105 4353 Quone,
1157 4281 1248 4337 die
1296 4281 1399 4338 das
1434 4282 1623 4339 Leben
1659 4276 1998 4352 empfangen
2034 4280 2155 4336 hat.
2203 4281 2348 4353 Aug.
2387 4279 2438 4336 9.
2507 4280 2679 4337 Diese
2713 4281 2938 4338 Benen-

321 4383 479 4439 nung
529 4367 679 4423 wird
716 4367 934 4441 jedoch
978 4385 1082 4426 aus
1128 4368 1568 4426 verschiedenen
1619 4369 2011 4442 Beziehungen
2057 4367 2306 4440 erklirt,
2368 4367 2461 4424 die
2509 4366 2753 4426 ueniet
2799 4385 2934 4429 n-

325 4453 395 4507 19
431 4454 550 4511 Oct.
586 4454 761 4515 leiten
794 4453 877 4511 sie
912 4471 1016 4512 aus
1052 4455 1176 4534 dem
1210 4456 1537 4528 Propheten
1568 4454 1704 4511 Joel
1736 4458 1790 4525 3,
1828 4455 1897 4511 18
1931 4457 2047 4512 her.

496 4539 563 4595 V.
598 4544 682 4599 13.
735 4559 952 4600 manna.
1005 4543 1185 4619 μάννα
1219 4565 1283 4602 σε
1318 4543 1603 4622 οὐράνιον,
1639 4548 1917 4621 παρθένε,
1954 4542 2220 4619 ὀνομάζω.
2269 4545 2552 4603 Pentecosl.
2590 4547 2675 4601 19.
2745 4543 2931 4620 μάννα

324 4625 663 4702 σωτηριῶδες
702 4627 943 4708 ἐναργῶς
977 4631 1255 4706 γινόμενον
1287 4631 1431 4711 πρὸς
1468 4631 1571 4690 τοῦ
1606 4629 1889 4705 ζητοῦντος
1923 4631 2018 4709 τὴν
2052 4639 2275 4712 χρείαν,
2321 4632 2596 4692 πλούσιον
2632 4627 2804 4699 ὅπως
2838 4629 2929 4689 καὶ

320 4711 599 4787 ἄφθονον.
645 4716 774 4772 Ibia.
843 4718 954 4775 No.
979 4721 1102 4791 507,
1138 4720 1257 4776 161.
