3167 5242
355 456 439 522 Et
473 451 691 537 flentes
732 456 799 518 in
839 450 965 517 huo
1003 450 1241 518 misera

357 559 495 623 vita
538 555 918 623 calamitatis
938 603 958 638 ,

358 658 770 727 lacrimarum
809 665 987 742 post
1005 677 1244 742 aspera

358 763 520 828 dirae
555 762 927 846 gravitatis,

356 868 518 935 valle
560 867 642 931 de
688 866 813 932 hao
830 884 970 930 -uos
1015 865 1223 932 libera

362 979 430 1037 et
475 991 775 1056 aggrega
819 969 1044 1035 beatis.

358 1163 487 1246 Eja
527 1181 675 1245 erqo
691 1212 706 1241 ,
751 1159 1079 1226 conclusio

358 1267 582 1330 mortis
627 1270 870 1329 nostrae
915 1261 1160 1343 finalis,

360 1370 694 1447 advocata,
739 1365 1047 1451 praesidio

358 1471 495 1554 fac,
541 1490 624 1534 ne
669 1470 752 1534 sit
795 1469 1210 1552 gehennaliS,

359 1581 581 1642 nostra
624 1581 776 1638 tunc
822 1572 938 1637 fiat
979 1572 1227 1636 mansio

360 1697 506 1744 cum
552 1675 811 1743 Christo
859 1677 1202 1741 aeternalis.

361 1867 512 1935 Illos
528 1918 543 1947 ,
587 1886 749 1951 quos
787 1874 1040 1950 gestas,
1084 1866 1352 1950 porrige

358 1973 546 2037 nobis
593 1979 852 2036 sanctos
896 1970 1263 2054 profectuS‚

362 2081 504 2142 tuos
547 2094 746 2158 super
791 2093 910 2139 nos
956 2075 1137 2158 erige

359 2179 698 2246 benivolos
744 2187 1078 2262 aspectus,

357 2285 793 2350 misericordes
837 2283 1047 2366 dirige

362 2385 447 2451 ad
492 2406 612 2452 nos
657 2406 917 2472 semper
958 2387 1251 2453 affectus.

364 2576 592 2644 Oculos
637 2583 782 2640 tuos
826 2572 1154 2659 placidos,

362 2681 504 2744 sole
542 2678 1017 2763 splendidiores
1031 2726 1048 2760 ,

362 2784 450 2865 ad
490 2801 635 2861 nos,
693 2784 803 2865 qui
847 2783 1058 2865 culpae
1102 2780 1404 2846 sordidos

362 2885 806 2969 amplectimur
851 2883 1165 2967 honores,

363 2995 681 3069 converte,
726 2988 920 3072 dans,
964 2997 1036 3053 ut
1077 2987 1315 3053 nitidos

362 3112 699 3160 servemus
742 3092 972 3158 mentis
1016 3109 1247 3159 mores.

361 3284 446 3351 Et
486 3302 758 3349 cernere
802 3282 1078 3347 feliciter

363 3387 471 3451 fac
515 3405 635 3451 uos
680 3387 859 3449 illum
906 3385 1213 3451 decorum

363 3489 611 3568 Jesum,
655 3509 844 3572 quem
889 3488 1126 3553 chorus
1161 3487 1413 3572 jugiter

1518 867 1605 929 35

1524 1468 1609 1531 40

1525 2074 1610 2139 45

1527 2677 1611 2741 50

1527 3279 1611 3343 55

1709 451 1948 522 adorat
1992 448 2370 532 angelorum
2385 496 2403 530 ‚

1710 556 2094 622 benedictum
2135 554 2509 638 perenniter

1709 679 1856 727 cum
1897 659 2195 726 laudibus
2240 665 2628 724 sanctorum.
2879 659 2974 723 60

1710 849 2006 914 Frucwm
2021 898 2036 927 ,
2081 847 2267 932 cujus
2311 846 2532 911 fruitio
2626 882 2642 896 -

1710 955 1966 1037 praebet
2009 951 2400 1032 satietatem,

1710 1060 1945 1122 ventris
1984 1055 2245 1141 profers
2290 1076 2374 1119 ex
2417 1049 2699 1139 gremi0‚

1712 1149 1984 1225 servans
2027 1160 2501 1242 virginitatem3

1712 1267 1806 1330 tui
1846 1264 2094 1329 fructus
2139 1265 2479 1349 perceptio
2885 1265 2976 1328 65

1714 1366 1826 1431 det
1866 1366 2126 1452 plenam
2172 1369 2530 1434 sanitatem.

1712 1559 1911 1624 Nobis
1951 1563 2094 1643 post
2132 1559 2249 1625 hoc
2292 1560 2390 1625 sic
2430 1558 2780 1641 lubricum,

1714 1661 1916 1727 fallax
1929 1711 1946 1745 ,
1990 1664 2427 1747 perniciosum

1705 1766 1995 1847 mium,
2037 1765 2432 1850 maleficum,

1714 1885 2019 1951 nequam,
2067 1867 2496 1952 laboriosum,
2647 1930 2652 1934 .
2882 1873 2976 1938 ’10

1715 1972 1967 2038 ostende
2010 1978 2185 2035 tuum
2228 1972 2483 2036 unicum

1715 2081 1934 2138 natum
1982 2072 2375 2138 deliciosum.
2475 2103 2497 2128 ο

1715 2261 1769 2330 0
1813 2263 2078 2330 clemens
2119 2270 2191 2326 et
2232 2262 2552 2348 propitia,

1715 2363 1807 2428 fel
1851 2363 2036 2429 solve
2079 2363 2381 2429 vitiorum
2403 2411 2421 2448 ,

1716 2488 1754 2535 o
1787 2469 1930 2552 pia,
1971 2469 2145 2554 pelle
2188 2469 2444 2554 proelia
2883 2475 2976 2538 ⁷5

1716 2570 2041 2636 hostilium
2084 2572 2426 2654 malorum,

1717 2698 1754 2743 o
1800 2677 2029 2760 dulcis,
2076 2677 2202 2743 duc
2246 2676 2332 2741 ad
2378 2676 2592 2743 dulcia

1717 2798 1840 2850 nos
1886 2783 2172 2847 carmina
2217 2782 2544 2848 coelorum.

1718 2969 1964 3050 Maria,
2007 2988 2127 3035 nos
2171 2970 2520 3038 mundifica

1717 3075 1785 3138 in
1830 3074 2130 3140 sordibus
2168 3075 2467 3160 jacentes
2484 3125 2502 3159 ‚
2881 3080 2978 3148 80

1718 3175 1962 3258 Maria,
2003 3195 2124 3241 nos
2174 3178 2510 3244 sanctifica

1719 3278 1804 3345 ad
1847 3288 1911 3344 te
1958 3277 2435 3363 confugientes,

1719 3381 1958 3464 Maria,
2005 3382 2307 3447 beatifica

1717 3501 1839 3548 nos
1881 3487 1948 3549 in
1993 3494 2057 3550 te
2103 3486 2519 3553 confidentes.

542 3688 640 3744 ns.
689 3707 760 3744 zu
794 3691 854 3748 S.
891 3692 1061 3748 Peter
1097 3691 1155 3746 iu
1192 3689 1492 3765 salzburg,
1529 3692 1620 3763 lv,
1659 3691 1746 3746 38.
1805 3691 1872 3746 14
1904 3691 2100 3747 Jahn-h.

539 3812 653 3869 Fiir
690 3815 796 3870 den
833 3816 1058 3890 Gesang
1095 3815 1283 3872 dieser
1314 3815 1637 3886 Antiphone
1684 3815 1919 3871 worden
1966 3816 2041 3870 im
2074 3817 2412 3876 mittelalter
2448 3819 2599 3874 viele
2637 3817 2972 3898 Stistungen

360 3901 420 3957 in
454 3916 601 3973 ganz
636 3902 1013 3958 Teutschland
1047 3904 1335 3977 gemacht,
1383 3902 1522 3957 weil
1555 3919 1620 3958 er
1655 3902 1788 3957 sehr
1820 3900 2037 3959 beliebt
2069 3903 2184 3960 und
2218 3905 2532 3962 verbreitet
2565 3923 2718 3979 war,
2767 3910 2969 3970 darum

361 3989 487 4063 gibt
521 4008 584 4046 es
621 3993 764 4046 auch
798 4008 912 4049 von
948 3991 1156 4048 diesem
1189 3991 1358 4048 Liede
1393 3991 1541 4046 vicie
1578 3990 2062 4063 Bearbeitungen,
2116 3992 2289 4049 theils
2325 3994 2595 4066 glossirt‚
2650 3997 2821 4053 theiis
2855 3996 2971 4056 fre!

361 4078 682 4150 behandelt.

536 4205 572 4258 3
609 4203 831 4275 regine,
878 4203 972 4259 Hs.
1040 4204 1127 4259 2⁰.
1162 4203 1363 4260 besser
1398 4218 1583 4258 ware.
1623 4217 1762 4274 qua,
1798 4202 1918 4259 scil.
1951 4202 2140 4275 patria
2175 4202 2248 4261 fr.
2316 4207 2388 4261 34
2423 4202 2572 4264 fehlt
2605 4208 2731 4264 eine
2768 4208 2968 4284 Sylbe,

362 4290 658 4348 vielleicht
694 4290 941 4362 diraeque
976 4308 1048 4345 zu
1082 4295 1289 4346 setzen.
1357 4292 1430 4345 67
1464 4289 1540 4345 sit
1573 4285 1616 4346 f.
1652 4290 1735 4345 sic
1769 4289 1865 4346 11³.

527 4413 594 4468 V.
629 4417 716 4471 21.
771 4412 877 4470 filii
910 4415 1029 4470 iras.
1082 4414 1221 4486 Eph.
1269 4417 1330 4485 2,
1375 4415 1428 4468 3.
1496 4414 1655 4469 Dazu
1702 4419 1835 4486 sagt
1881 4414 2120 4471 Hieron:
2187 4432 2379 4473 omnes
2428 4419 2682 4482 homines
2731 4422 2967 4482 dicimus

363 4518 489 4557 esse
525 4504 733 4558 natura
767 4500 918 4559 filios
957 4505 1079 4574 irae,
1114 4503 1212 4558 vel
1245 4507 1483 4575 propter
1519 4518 1725 4575 corpus
1762 4502 2090 4559 humilitatis
2127 4521 2442 4580 corpusque
2477 4509 2696 4582 mortis,
2732 4517 2792 4566 et
2818 4511 2969 4583 quod

363 4589 439 4645 ab
474 4588 860 4646 adolescentia
893 4607 1048 4646 mens
1084 4591 1367 4647 hominum
1402 4589 1668 4663 apposita
1703 4589 1778 4646 sit
1812 4589 1885 4645 ad
1919 4591 2202 4649 malitiam.
2242 4623 2306 4636 --
2359 4593 2520 4652 Alius
2553 4595 2660 4654 irae
2694 4593 2848 4654 filios
2883 4599 2967 4654 sio

368 4680 612 4732 vocatos
646 4682 833 4748 putat,
886 4684 948 4733 ut
992 4676 1142 4735 filios
1178 4678 1407 4737 diaboli.
1475 4678 1612 4735 Dies
1643 4677 1866 4735 bezieht
1899 4678 2021 4735 sich
2055 4682 2528 4742 wahtscheiulich
2559 4682 2671 4742 auf
2693 4683 2968 4759 folgend-
