3167 5242
387 444 434 479 ·'
513 444 520 451 “
560 445 629 500 V..
661 444 714 501 ὦ.
767 442 1027 518 gofflx.
1095 442 1202 500 noi
1233 442 1655 501 denter-iodim
1688 436 2101 515 θεογεννῆιρια.
2154 439 2327 495 M
2362 440 2523 509 n,.1.
2588 436 2998 517 θόογονῆοῳ.

375 535 576 590 sorar.
609 549 663 605 p.
701 534 818 587 126.
851 533 998 586 auch
1033 529 1374 607 θεοευήῦωρ.
1421 532 1586 587 Febr.
1620 534 1676 585 1.
1731 529 1792 585 S.
1825 528 1930 583 No.
1966 530 2093 594 33⁷,
2134 529 2180 581 1.

550 622 615 676 V.
661 623 745 676 23.
791 622 877 674 24.
947 620 1054 674 Die
1103 619 1428 677 Gewhoako
1480 619 1586 674 du·
1633 616 1855 689 Hagion·
1902 613 2129 673 hobae:
2179 614 2273 671 dio
2324 613 2601 671 Erinden
2664 614 3005 693 remitam

377 710 571 786 δῶρον.
623 697 849 769 Acoluthss
885 708 1096 781 Dionys.
1130 724 1185 780 p.
1226 709 1309 763 10.

1030 1052 1222 1171 392.a
1281 1098 1443 1169 Ave
1494 1096 1727 1168 Maria
1782 1097 1858 1167 in
1907 1092 2270 1195 rhythmis.
2299 1100 2323 1140 ι

371 1339 500 1404 Ave
542 1335 773 1418 regina
814 1337 1041 1416 beata,
1339 1374 1344 1380 ·
1734 1337 1824 1402 Tu
1867 1336 2100 1418 regina
2143 1333 2556 1418 imperatrix,
2694 1420 2701 1427 ι

375 1457 522 1522 quae
566 1456 638 1502 es
681 1437 874 1519 virgo
921 1442 1304 1499 consecrata
1320 1482 1337 1517 ,
1729 1439 1835 1504 dei
1880 1446 1949 1503 et
1991 1446 2281 1503 nostrum
2325 1435 2666 1503 mediatrix
2898 1428 2986 1502 3'0

373 1540 481 1604 dei
525 1547 734 1603 mater
777 1538 1081 1603 ordinata
1729 1562 1809 1608 ac
1851 1550 2225 1607 moestorum
2271 1541 2701 1626 consolatrix,

462 1651 613 1707 ante
655 1640 876 1707 mundi
909 1640 1312 1726 principium.
1816 1644 2026 1708 electa
2072 1644 2155 1710 ab
2203 1642 2493 1708 exordio.

371 1835 587 1921 Maria
630 1836 782 1900 coeli
823 1834 1081 1901 ducissa
1582 1833 1621 1894 5
1727 1835 1808 1900 In
1849 1833 2214 1899 mulieribus
2257 1833 2371 1896 lux
2412 1850 2523 1913 es,

369 1939 690 2022 virginum
735 1944 803 2002 et
845 1937 1264 2022 principissa,
1724 1935 2087 2018 virginibus
2124 1952 2393 2018 semper
2439 1932 2629 2015 ades,

369 2050 725 2126 martyrum
771 2058 1013 2125 corona
1056 2041 1205 2126 ipsa
1727 2039 2201 2104 continentibus
2246 2045 2317 2101 tu
2358 2054 2576 2122 praees
2898 2040 2984 2103 35

458 2155 526 2212 et
569 2145 809 2210 sanctis
854 2144 1202 2229 speculum.
1812 2140 2090 2225 reginali
2131 2141 2423 2226 imperio.
2938 2152 2947 2159 “

372 2339 598 2404 Gratia
642 2355 715 2400 es
762 2333 1164 2420 praedotata,
1723 2333 1808 2400 Ec
1847 2333 2202 2399 benedictus
2246 2332 2354 2397 hic
2399 2340 2635 2416 coetus,

368 2458 568 2525 snper
613 2455 836 2503 omnes
882 2436 1189 2517 exaltata,
1539 2435 1619 2498 10
1726 2436 1836 2520 qui
1879 2443 1945 2500 te
1991 2436 2254 2520 adorat,
2300 2437 2384 2501 sit
2426 2437 2635 2503 lectus
2655 2485 2675 2519 ‚

369 2544 454 2610 ab
500 2541 752 2626 angelis
798 2540 1118 2604 honorata
1726 2540 1835 2623 qni
1879 2548 1945 2604 te
1992 2547 2198 2622 ornat,
2245 2548 2347 2604 est
2388 2540 2669 2625 adeptus

455 2648 521 2711 in
567 2645 898 2730 supernali
942 2644 1139 2709 curia.
1810 2642 2033 2707 sedem
2076 2644 2143 2707 in
2186 2662 2433 2709 summo
2478 2644 2784 2711 thalamo.
2894 2648 2983 2711 40

368 2835 566 2904 Plena
610 2834 834 2899 salutis
879 2851 1131 2917 amore,
1722 2837 1992 2903 Fructus
2034 2842 2183 2903 tuus
2228 2844 2333 2901 est
2376 2854 2696 2921 amoenus,

369 2939 711 3003 honestate
756 2946 824 3003 et
867 2936 1185 3021 candore,
1721 2936 2059 3021 redolens,
2107 2937 2312 3002 dulcis
2358 2946 2425 3001 et
2466 2939 2732 3023 plenus,

367 3043 664 3113 claritate
709 3060 851 3107 cum
894 3040 1243 3127 splendore
1534 3044 1615 3105 15
1720 3044 1789 3108 in
1835 3041 2103 3107 dulcore
2151 3050 2254 3107 est
2296 3058 2637 3126 supremus

454 3166 527 3211 es
571 3147 728 3212 felix
774 3164 1017 3231 sponsa
1059 3147 1263 3230 regia.
1808 3153 2214 3233 praegustato
2258 3144 2492 3210 edulio.

364 3338 670 3405 Dominus
713 3346 778 3403 te
823 3337 1200 3423 procreavit
1730 3337 1972 3405 Ventris
2013 3342 2107 3404 tm·
2147 3338 2499 3403 illustravit
2892 3341 2975 3405 45

365 3449 435 3507 et
479 3450 770 3507 ornatam
818 3443 1186 3525 coronavit,
1721 3450 1902 3507 ortus
1945 3441 2248 3509 mnndum
2295 3443 2705 3509 consecravit
2721 3492 2741 3529 ,

366 3552 741 3610 coronatam
786 3542 1111 3623 ordinavit
1719 3554 2104 3631 peccatores
2148 3547 2451 3612 liberavit

453 3665 573 3712 sno
618 3647 858 3713 dilecto
901 3646 1055 3717 filio.
1530 3650 1615 3713 20
1807 3668 2040 3735 sparso
2086 3669 2319 3717 cruore
2362 3670 2576 3719 roseo.

369 3841 595 3908 Tecum
637 3837 746 3923 qui
789 3838 1203 3925 inhabitavit,
1719 3843 1908 3909 Jesus
1952 3864 1995 3911 a
2037 3850 2227 3928 patre
2271 3845 2550 3930 genitus,

361 3944 686 4027 requievit
731 3952 798 4008 et
844 3943 1135 4035 cubavit,
1719 3964 1804 4011 ex
1848 3954 1914 4010 te
1957 3953 2146 4012 natus
2192 3946 2577 4035 humanitus,
2888 3951 2976 4016 50

365 4067 627 4115 carnem
672 4055 990 4134 sumptam
1032 4046 1383 4113 immolavit
1719 4057 2028 4134 operatus
2073 4058 2175 4115 est
2219 4052 2485 4136 spiritus

451 4151 796 4220 crncifiims
839 4170 963 4237 pro
1007 4152 1271 4238 populo.
1804 4163 2067 4221 sanctus
2111 4156 2181 4223 in
2220 4155 2349 4222 hoc
2390 4156 2800 4225 commercio.

361 4340 700 4412 Benedicta
742 4351 934 4430 porta
978 4343 1159 4428 coeli,
1527 4347 1611 4410 25
1717 4348 1989 4434 Sancto,
2020 4336 2162 4435 pia,
2196 4344 2396 4435 justa,
2442 4352 2637 4435 bona,

363 4447 541 4543 iacta
583 4468 655 4514 es
701 4450 872 4545 omni
915 4447 1098 4514 fideli
1716 4462 1788 4521 tu
1831 4454 1974 4521 sola
2015 4454 2217 4541 digna
2264 4454 2539 4523 corona.

361 4551 680 4636 gratiosa,
711 4552 965 4621 dicens:
1015 4537 1226 4639 „vent
1437 4539 1448 4551 ’
1557 4541 1566 4553 ’
1717 4576 1865 4643 quae
1908 4556 2027 4623 das
2071 4546 2263 4627 nobis
2304 4548 2525 4627 multa'
2548 4561 2727 4629 bona
2885 4562 2979 4626 55

447 4655 623 4722 intra
662 4675 937 4742 regnum
980 4675 1126 4724 cnm
1168 4654 1485 4743 gaudio!“
1804 4661 2325 4765 omni-cessante·
2356 4664 2611 4763 merito.
2700 4728 2707 4733 .
