<?xml version="1.0" encoding="UTF-8"?>
<!DOCTYPE html PUBLIC "-//W3C//DTD XHTML 1.0 Transitional//EN"
    "http://www.w3.org/TR/xhtml1/DTD/xhtml1-transitional.dtd">
<html xmlns="http://www.w3.org/1999/xhtml" xml:lang="en" lang="en">
 <head>
  <title>
</title>
<meta http-equiv="Content-Type" content="text/html;charset=utf-8" />
  <meta name='ocr-system' content='tesseract 3.04.00' />
  <meta name='ocr-capabilities' content='ocr_page ocr_carea ocr_par ocr_line ocrx_word'/>
</head>
<body>
  <div class='ocr_page' id='page_1' title='image "./lateinischehymn03monegoog_0391.png"; bbox 0 0 3167 5242; ppageno 0'>
   <div class='ocr_carea' id='block_1_1' title="bbox 0 471 19 963">
    <p class='ocr_par' dir='ltr' id='par_1_1' title="bbox 0 471 19 963">
     <span class='ocr_line' id='line_1_1' title="bbox 0 471 19 963; textangle 90"><span class='ocrx_word' id='word_1_1' title='bbox 0 471 19 963; x_wconf 50' lang='lat' dir='ltr'>—ffl-q-&#39;nh</span> 
     </span>
    </p>
   </div>
   <div class='ocr_carea' id='block_1_2' title="bbox 184 464 1033 1172">
    <p class='ocr_par' dir='ltr' id='par_1_2' title="bbox 184 464 1033 1172">
     <span class='ocr_line' id='line_1_2' title="bbox 184 464 494 534; baseline -0.013 0"><span class='ocrx_word' id='word_1_2' title='bbox 184 468 243 534; x_wconf 75' lang='lat'>2.</span> <span class='ocrx_word' id='word_1_3' title='bbox 286 464 494 532; x_wconf 62' lang='grc' dir='ltr'>Βίης</span> 
     </span>
     <span class='ocr_line' id='line_1_3' title="bbox 280 571 853 653; baseline -0.002 -17"><span class='ocrx_word' id='word_1_4' title='bbox 280 572 472 636; x_wconf 71' lang='lat' dir='ltr'>vivus</span> <span class='ocrx_word' id='word_1_5' title='bbox 515 571 818 637; x_wconf 76' lang='lat' dir='ltr'>salutaris</span> <span class='ocrx_word' id='word_1_6' title='bbox 836 618 853 653; x_wconf 92' lang='lat'>,</span> 
     </span>
     <span class='ocr_line' id='line_1_4' title="bbox 287 674 932 758; baseline -0.008 -18"><span class='ocrx_word' id='word_1_7' title='bbox 287 674 661 740; x_wconf 84' lang='lat' dir='ltr'>miserorum</span> <span class='ocrx_word' id='word_1_8' title='bbox 704 680 932 758; x_wconf 83' lang='lat' dir='ltr'>portus</span> 
     </span>
     <span class='ocr_line' id='line_1_5' title="bbox 291 784 466 844; baseline 0.006 -2"><span class='ocrx_word' id='word_1_9' title='bbox 291 784 466 844; x_wconf 86' lang='lat' dir='ltr'>ortus</span> 
     </span>
     <span class='ocr_line' id='line_1_6' title="bbox 293 878 1033 962; baseline -0.001 -17"><span class='ocrx_word' id='word_1_10' title='bbox 293 885 359 945; x_wconf 84' lang='lat' dir='ltr'>et</span> <span class='ocrx_word' id='word_1_11' title='bbox 401 879 737 945; x_wconf 78' lang='lat' dir='ltr'>conclusus</span> <span class='ocrx_word' id='word_1_12' title='bbox 774 878 1033 962; x_wconf 79' lang='lat' dir='ltr'>hortus,</span> 
     </span>
     <span class='ocr_line' id='line_1_7' title="bbox 290 983 970 1067; baseline 0.003 -20"><span class='ocrx_word' id='word_1_13' title='bbox 290 1001 377 1056; x_wconf 68' lang='lat' dir='ltr'>ex</span> <span class='ocrx_word' id='word_1_14' title='bbox 419 989 484 1047; x_wconf 84' lang='lat' dir='ltr'>te</span> <span class='ocrx_word' id='word_1_15' title='bbox 525 983 629 1048; x_wconf 81' lang='lat' dir='ltr'>sol</span> <span class='ocrx_word' id='word_1_16' title='bbox 672 990 970 1067; x_wconf 73' lang='lat' dir='ltr'>exortus,</span> 
     </span>
     <span class='ocr_line' id='line_1_8' title="bbox 291 1085 950 1172; baseline 0.002 -22"><span class='ocrx_word' id='word_1_17' title='bbox 291 1086 483 1170; x_wconf 84' lang='lat' dir='ltr'>virgo</span> <span class='ocrx_word' id='word_1_18' title='bbox 526 1085 711 1152; x_wconf 83' lang='lat' dir='ltr'>deum</span> <span class='ocrx_word' id='word_1_19' title='bbox 755 1088 950 1172; x_wconf 83' lang='lat' dir='ltr'><strong>paris,</strong></span> 
     </span>
    </p>
   </div>
   <div class='ocr_carea' id='block_1_3' title="bbox 185 1268 1016 2073">
    <p class='ocr_par' dir='ltr' id='par_1_3' title="bbox 185 1268 1016 2073">
     <span class='ocr_line' id='line_1_9' title="bbox 185 1268 841 1353; baseline -0.002 -18"><span class='ocrx_word' id='word_1_20' title='bbox 185 1271 245 1335; x_wconf 81' lang='lat'>3.</span> <span class='ocrx_word' id='word_1_21' title='bbox 289 1268 398 1335; x_wconf 84' lang='lat' dir='ltr'>Fit</span> <span class='ocrx_word' id='word_1_22' title='bbox 440 1286 641 1334; x_wconf 81' lang='lat' dir='ltr'>novus</span> <span class='ocrx_word' id='word_1_23' title='bbox 685 1290 841 1353; x_wconf 84' lang='lat' dir='ltr'>rex,</span> 
     </span>
     <span class='ocr_line' id='line_1_10' title="bbox 287 1372 645 1454; baseline -0.003 -16"><span class='ocrx_word' id='word_1_24' title='bbox 287 1392 460 1438; x_wconf 87' lang='lat' dir='ltr'>nova</span> <span class='ocrx_word' id='word_1_25' title='bbox 503 1372 645 1454; x_wconf 85' lang='lat' dir='ltr'>lex,</span> 
     </span>
     <span class='ocr_line' id='line_1_11' title="bbox 286 1473 960 1562; baseline 0.001 -21"><span class='ocrx_word' id='word_1_26' title='bbox 286 1497 407 1562; x_wconf 83' lang='lat' dir='ltr'>per</span> <span class='ocrx_word' id='word_1_27' title='bbox 451 1495 642 1560; x_wconf 84' lang='lat' dir='ltr'>quam</span> <span class='ocrx_word' id='word_1_28' title='bbox 682 1473 786 1517; x_wconf 41' lang='grc' dir='ltr'>ΜΕ</span> <span class='ocrx_word' id='word_1_29' title='bbox 826 1478 960 1543; x_wconf 83' lang='lat' dir='ltr'>faex</span> 
     </span>
     <span class='ocr_line' id='line_1_12' title="bbox 281 1581 853 1665; baseline 0.003 -21"><span class='ocrx_word' id='word_1_30' title='bbox 281 1581 524 1648; x_wconf 74' lang='lat' dir='ltr'>veteris</span> <span class='ocrx_word' id='word_1_31' title='bbox 567 1581 853 1665; x_wconf 76' lang='lat' dir='ltr'>peceati,</span> 
     </span>
     <span class='ocr_line' id='line_1_13' title="bbox 283 1681 1016 1748; baseline 0.003 -3"><span class='ocrx_word' id='word_1_32' title='bbox 283 1688 355 1746; x_wconf 87' lang='lat' dir='ltr'>ut</span> <span class='ocrx_word' id='word_1_33' title='bbox 397 1681 463 1745; x_wconf 88' lang='lat' dir='ltr'>in</span> <span class='ocrx_word' id='word_1_34' title='bbox 509 1681 658 1747; x_wconf 84' lang='lat' dir='ltr'>aula</span> <span class='ocrx_word' id='word_1_35' title='bbox 702 1684 1016 1748; x_wconf 80' lang='lat' dir='ltr'>creatoris</span> 
     </span>
     <span class='ocr_line' id='line_1_14' title="bbox 289 1784 971 1870; baseline 0 -20"><span class='ocrx_word' id='word_1_36' title='bbox 289 1785 421 1850; x_wconf 81' lang='lat' dir='ltr'>oris</span> <span class='ocrx_word' id='word_1_37' title='bbox 458 1784 708 1870; x_wconf 73' lang='lat' dir='ltr'>jugiter</span> <span class='ocrx_word' id='word_1_38' title='bbox 751 1786 971 1854; x_wconf 77' lang='lat' dir='ltr'>odoris</span> 
     </span>
     <span class='ocr_line' id='line_1_15' title="bbox 287 1889 929 1972; baseline -0.002 -19"><span class='ocrx_word' id='word_1_39' title='bbox 287 1889 668 1972; x_wconf 80' lang='lat' dir='ltr'>angelorum</span> <span class='ocrx_word' id='word_1_40' title='bbox 713 1889 929 1954; x_wconf 84' lang='lat' dir='ltr'>choris</span> 
     </span>
     <span class='ocr_line' id='line_1_16' title="bbox 287 1992 868 2073; baseline -0.002 -19"><span class='ocrx_word' id='word_1_41' title='bbox 287 2009 633 2073; x_wconf 81' lang='lat' dir='ltr'>regnemus</span> <span class='ocrx_word' id='word_1_42' title='bbox 676 1992 868 2055; x_wconf 83' lang='lat' dir='ltr'>beati.</span> 
     </span>
    </p>
   </div>
   <div class='ocr_carea' id='block_1_4' title="bbox 177 2161 985 2775">
    <p class='ocr_par' dir='ltr' id='par_1_4' title="bbox 177 2161 985 2775">
     <span class='ocr_line' id='line_1_17' title="bbox 177 2161 798 2256; baseline -0.005 -18"><span class='ocrx_word' id='word_1_43' title='bbox 177 2174 242 2238; x_wconf 72' lang='lat'>4.</span> <span class='ocrx_word' id='word_1_44' title='bbox 287 2168 512 2235; x_wconf 81' lang='lat' dir='ltr'><strong>Gaude</strong></span> <span class='ocrx_word' id='word_1_45' title='bbox 556 2161 798 2256; x_wconf 83' lang='lat' dir='ltr'><strong>Maria,</strong></span> 
     </span>
     <span class='ocr_line' id='line_1_18' title="bbox 283 2272 818 2355; baseline 0 -18"><span class='ocrx_word' id='word_1_46' title='bbox 283 2272 442 2338; x_wconf 83' lang='lat' dir='ltr'><strong>felix</strong></span> <span class='ocrx_word' id='word_1_47' title='bbox 487 2281 818 2355; x_wconf 83' lang='lat' dir='ltr'>ereatura,</span> 
     </span>
     <span class='ocr_line' id='line_1_19' title="bbox 286 2395 737 2454; baseline -0.002 -11"><span class='ocrx_word' id='word_1_48' title='bbox 286 2395 443 2443; x_wconf 87' lang='lat' dir='ltr'>oura</span> <span class='ocrx_word' id='word_1_49' title='bbox 731 2446 737 2454; x_wconf 70' lang='grc'><strong>,</strong></span> 
     </span>
     <span class='ocr_line' id='line_1_20' title="bbox 279 2481 985 2567; baseline -0.001 -19"><span class='ocrx_word' id='word_1_50' title='bbox 279 2483 618 2550; x_wconf 81' lang='lat' dir='ltr'>vulnerum</span> <span class='ocrx_word' id='word_1_51' title='bbox 661 2481 985 2567; x_wconf 84' lang='lat' dir='ltr'>praedura.</span> 
     </span>
     <span class='ocr_line' id='line_1_21' title="bbox 279 2587 844 2673; baseline 0.002 -20"><span class='ocrx_word' id='word_1_52' title='bbox 279 2595 477 2673; x_wconf 83' lang='lat' dir='ltr'><strong>typus</strong></span> <span class='ocrx_word' id='word_1_53' title='bbox 523 2595 589 2654; x_wconf 81' lang='lat' dir='ltr'>et</span> <span class='ocrx_word' id='word_1_54' title='bbox 631 2587 844 2672; x_wconf 84' lang='lat' dir='ltr'>figura</span> 
     </span>
     <span class='ocr_line' id='line_1_22' title="bbox 277 2691 985 2775; baseline -0.001 -20"><span class='ocrx_word' id='word_1_55' title='bbox 277 2700 499 2756; x_wconf 82' lang='lat' dir='ltr'>vatum</span> <span class='ocrx_word' id='word_1_56' title='bbox 543 2691 985 2775; x_wconf 84' lang='lat' dir='ltr'>praesignavit.</span> 
     </span>
    </p>
   </div>
   <div class='ocr_carea' id='block_1_5' title="bbox 280 2826 1051 3424">
    <p class='ocr_par' dir='ltr' id='par_1_5' title="bbox 281 2826 949 3113">
     <span class='ocr_line' id='line_1_23' title="bbox 281 2826 876 2911; baseline -0.007 -17"><span class='ocrx_word' id='word_1_57' title='bbox 281 2826 380 2893; x_wconf 82' lang='lat' dir='ltr'>Tu</span> <span class='ocrx_word' id='word_1_58' title='bbox 424 2828 572 2894; x_wconf 84' lang='lat' dir='ltr'>ooeli</span> <span class='ocrx_word' id='word_1_59' title='bbox 588 2876 606 2910; x_wconf 86' lang='lat'>‚</span> <span class='ocrx_word' id='word_1_60' title='bbox 651 2828 876 2911; x_wconf 82' lang='lat' dir='ltr'>virgo,</span> 
     </span>
     <span class='ocr_line' id='line_1_24' title="bbox 283 2931 949 3015; baseline -0.002 -18"><span class='ocrx_word' id='word_1_61' title='bbox 283 2931 584 3015; x_wconf 84' lang='lat' dir='ltr'>bajulans</span> <span class='ocrx_word' id='word_1_62' title='bbox 628 2938 949 2996; x_wconf 75' lang='lat' dir='ltr'>secretum</span> 
     </span>
     <span class='ocr_line' id='line_1_25' title="bbox 285 3033 554 3113; baseline 0 -16"><span class='ocrx_word' id='word_1_63' title='bbox 285 3033 554 3113; x_wconf 85' lang='lat' dir='ltr'>fretum,</span> 
     </span>
    </p>

    <p class='ocr_par' dir='ltr' id='par_1_6' title="bbox 280 3133 1051 3424">
     <span class='ocr_line' id='line_1_26' title="bbox 284 3133 1051 3217; baseline -0.007 -15"><span class='ocrx_word' id='word_1_64' title='bbox 284 3144 357 3201; x_wconf 86' lang='lat' dir='ltr'>tu</span> <span class='ocrx_word' id='word_1_65' title='bbox 403 3134 652 3201; x_wconf 81' lang='lat' dir='ltr'>coelitus</span> <span class='ocrx_word' id='word_1_66' title='bbox 697 3133 1014 3217; x_wconf 83' lang='lat' dir='ltr'>repletum</span> <span class='ocrx_word' id='word_1_67' title='bbox 1032 3181 1051 3217; x_wconf 86' lang='lat'>‚</span> 
     </span>
     <span class='ocr_line' id='line_1_27' title="bbox 280 3235 1030 3321; baseline -0.007 -17"><span class='ocrx_word' id='word_1_68' title='bbox 280 3258 322 3304; x_wconf 82' lang='lat' dir='ltr'><strong>a</strong></span> <span class='ocrx_word' id='word_1_69' title='bbox 368 3256 494 3321; x_wconf 84' lang='lat' dir='ltr'>qua</span> <span class='ocrx_word' id='word_1_70' title='bbox 537 3244 666 3301; x_wconf 84' lang='lat' dir='ltr'><strong>stat</strong></span> <span class='ocrx_word' id='word_1_71' title='bbox 711 3235 1030 3320; x_wconf 81' lang='lat' dir='ltr'>deletum,</span> 
     </span>
     <span class='ocr_line' id='line_1_28' title="bbox 284 3337 1031 3424; baseline -0.005 -19"><span class='ocrx_word' id='word_1_72' title='bbox 284 3339 459 3424; x_wconf 83' lang='lat' dir='ltr'>quod</span> <span class='ocrx_word' id='word_1_73' title='bbox 500 3337 644 3405; x_wconf 84' lang='lat' dir='ltr'>Eva</span> <span class='ocrx_word' id='word_1_74' title='bbox 689 3337 1031 3403; x_wconf 84' lang='lat' dir='ltr'>damnavit.</span> 
     </span>
    </p>
   </div>
   <div class='ocr_carea' id='block_1_6' title="bbox 172 3495 760 3811">
    <p class='ocr_par' dir='ltr' id='par_1_7' title="bbox 172 3495 760 3811">
     <span class='ocr_line' id='line_1_29' title="bbox 172 3495 760 3607; baseline -0.005 -20"><span class='ocrx_word' id='word_1_75' title='bbox 172 3495 235 3588; x_wconf 62' lang='lat'>5&#39;.</span> <span class='ocrx_word' id='word_1_76' title='bbox 281 3520 379 3586; x_wconf 86' lang='lat' dir='ltr'>Tu</span> <span class='ocrx_word' id='word_1_77' title='bbox 424 3521 570 3607; x_wconf 75' lang='lat' dir='ltr'>ooeli</span> <span class='ocrx_word' id='word_1_78' title='bbox 614 3537 724 3585; x_wconf 80' lang='lat' dir='ltr'>ros</span> <span class='ocrx_word' id='word_1_79' title='bbox 743 3567 760 3602; x_wconf 91' lang='lat'>,</span> 
     </span>
     <span class='ocr_line' id='line_1_30' title="bbox 283 3625 658 3708; baseline -0.008 -17"><span class='ocrx_word' id='word_1_80' title='bbox 283 3626 494 3708; x_wconf 75' lang='lat' dir='ltr'>campi</span> <span class='ocrx_word' id='word_1_81' title='bbox 535 3625 658 3689; x_wconf 80' lang='lat' dir='ltr'>ssos</span> 
     </span>
     <span class='ocr_line' id='line_1_31' title="bbox 279 3728 629 3811; baseline -0.009 -17"><span class='ocrx_word' id='word_1_82' title='bbox 279 3728 431 3794; x_wconf 83' lang='lat' dir='ltr'>audi</span> <span class='ocrx_word' id='word_1_83' title='bbox 472 3746 592 3793; x_wconf 86' lang='lat' dir='ltr'>nos</span> <span class='ocrx_word' id='word_1_84' title='bbox 610 3775 629 3811; x_wconf 91' lang='lat'><em>,</em></span> 
     </span>
    </p>
   </div>
   <div class='ocr_carea' id='block_1_7' title="bbox 1345 974 1434 1046">
    <p class='ocr_par' dir='ltr' id='par_1_8' title="bbox 1345 974 1434 1046">
     <span class='ocr_line' id='line_1_32' title="bbox 1345 974 1434 1046; baseline 0.011 -1"><span class='ocrx_word' id='word_1_85' title='bbox 1345 974 1434 1046; x_wconf 80' lang='lat'>10&#39;</span> 
     </span>
    </p>
   </div>
   <div class='ocr_carea' id='block_1_8' title="bbox 1344 1579 1423 1640">
    <p class='ocr_par' dir='ltr' id='par_1_9' title="bbox 1344 1579 1423 1640">
     <span class='ocr_line' id='line_1_33' title="bbox 1344 1579 1423 1640; baseline 0 0"><span class='ocrx_word' id='word_1_86' title='bbox 1344 1579 1423 1640; x_wconf 84' lang='lat'>15</span> 
     </span>
    </p>
   </div>
   <div class='ocr_carea' id='block_1_9' title="bbox 1339 2168 1424 2232">
    <p class='ocr_par' dir='ltr' id='par_1_10' title="bbox 1339 2168 1424 2232">
     <span class='ocr_line' id='line_1_34' title="bbox 1339 2168 1424 2232; baseline 0 0"><span class='ocrx_word' id='word_1_87' title='bbox 1339 2168 1424 2232; x_wconf 86' lang='lat'>20</span> 
     </span>
    </p>
   </div>
   <div class='ocr_carea' id='block_1_10' title="bbox 1335 2690 1419 2753">
    <p class='ocr_par' dir='ltr' id='par_1_11' title="bbox 1335 2690 1419 2753">
     <span class='ocr_line' id='line_1_35' title="bbox 1335 2690 1419 2753; baseline -0.012 0"><span class='ocrx_word' id='word_1_88' title='bbox 1335 2690 1419 2753; x_wconf 85' lang='lat'>25</span> 
     </span>
    </p>
   </div>
   <div class='ocr_carea' id='block_1_11' title="bbox 1337 3235 1420 3301">
    <p class='ocr_par' dir='ltr' id='par_1_12' title="bbox 1337 3235 1420 3301">
     <span class='ocr_line' id='line_1_36' title="bbox 1337 3235 1420 3301; baseline 0.024 -2"><span class='ocrx_word' id='word_1_89' title='bbox 1337 3235 1420 3301; x_wconf 88' lang='grc'>30</span> 
     </span>
    </p>
   </div>
   <div class='ocr_carea' id='block_1_12' title="bbox 1632 462 2335 1265">
    <p class='ocr_par' dir='ltr' id='par_1_13' title="bbox 1632 462 2253 735">
     <span class='ocr_line' id='line_1_37' title="bbox 1632 462 2253 529; baseline -0.005 0"><span class='ocrx_word' id='word_1_90' title='bbox 1632 471 1841 529; x_wconf 81' lang='lat' dir='ltr'>mater</span> <span class='ocrx_word' id='word_1_91' title='bbox 1883 462 2253 528; x_wconf 77' lang='lat' dir='ltr'>salvatoris.</span> 
     </span>
     <span class='ocr_line' id='line_1_38' title="bbox 1634 567 2137 650; baseline -0.004 -16"><span class='ocrx_word' id='word_1_92' title='bbox 1634 586 1883 634; x_wconf 87' lang='lat' dir='ltr'>morum</span> <span class='ocrx_word' id='word_1_93' title='bbox 1925 567 2102 632; x_wconf 77' lang='lat' dir='ltr'>sidus</span> <span class='ocrx_word' id='word_1_94' title='bbox 2118 614 2137 650; x_wconf 92' lang='lat'>‚</span> 
     </span>
     <span class='ocr_line' id='line_1_39' title="bbox 1638 662 1837 735; baseline -0.01 -1"><span class='ocrx_word' id='word_1_95' title='bbox 1638 662 1837 735; x_wconf 80' lang='lat' dir='ltr'>decus</span> 
     </span>
    </p>

    <p class='ocr_par' dir='ltr' id='par_1_14' title="bbox 1632 771 2052 855">
     <span class='ocr_line' id='line_1_40' title="bbox 1632 771 2052 855; baseline -0.002 -17"><span class='ocrx_word' id='word_1_96' title='bbox 1632 771 2017 838; x_wconf 83' lang='lat' dir='ltr'>firmamenti</span> <span class='ocrx_word' id='word_1_97' title='bbox 2033 820 2052 855; x_wconf 88' lang='lat'>‚</span> 
     </span>
    </p>

    <p class='ocr_par' dir='ltr' id='par_1_15' title="bbox 1638 875 1820 958">
     <span class='ocr_line' id='line_1_41' title="bbox 1638 875 1820 958; baseline 0 -20"><span class='ocrx_word' id='word_1_98' title='bbox 1638 875 1820 958; x_wconf 84' lang='lat' dir='ltr'>genti</span> 
     </span>
    </p>

    <p class='ocr_par' dir='ltr' id='par_1_16' title="bbox 1634 975 2335 1265">
     <span class='ocr_line' id='line_1_42' title="bbox 1634 975 2281 1059; baseline -0.002 -19"><span class='ocrx_word' id='word_1_99' title='bbox 1634 997 1944 1044; x_wconf 78' lang='lat' dir='ltr'>succurre</span> <span class='ocrx_word' id='word_1_100' title='bbox 1988 975 2246 1053; x_wconf 64' lang='lat' dir='ltr'>uadenti</span> <span class='ocrx_word' id='word_1_101' title='bbox 2264 1024 2281 1059; x_wconf 91' lang='lat'>,</span> 
     </span>
     <span class='ocr_line' id='line_1_43' title="bbox 1636 1079 2335 1162; baseline -0.003 -17"><span class='ocrx_word' id='word_1_102' title='bbox 1636 1080 1799 1145; x_wconf 81' lang='lat' dir='ltr'>dans</span> <span class='ocrx_word' id='word_1_103' title='bbox 1843 1080 2069 1162; x_wconf 82' lang='lat' dir='ltr'>fruges</span> <span class='ocrx_word' id='word_1_104' title='bbox 2114 1079 2335 1161; x_wconf 80' lang='lat' dir='ltr'>egenti</span> 
     </span>
     <span class='ocr_line' id='line_1_44' title="bbox 1635 1179 2189 1265; baseline -0.007 -18"><span class='ocrx_word' id='word_1_105' title='bbox 1635 1181 1859 1247; x_wconf 82' lang='lat' dir='ltr'>decori</span> <span class='ocrx_word' id='word_1_106' title='bbox 1900 1179 2189 1265; x_wconf 84' lang='lat' dir='ltr'>pudoris.</span> 
     </span>
    </p>
   </div>
   <div class='ocr_carea' id='block_1_13' title="bbox 1575 1434 2262 1518">
    <p class='ocr_par' dir='ltr' id='par_1_17' title="bbox 1575 1434 2262 1518">
     <span class='ocr_line' id='line_1_45' title="bbox 1575 1434 2262 1518; baseline -0.001 -20"><span class='ocrx_word' id='word_1_107' title='bbox 1575 1484 1589 1498; x_wconf 92' lang='lat'><strong>.</strong></span> <span class='ocrx_word' id='word_1_108' title='bbox 1637 1434 1735 1500; x_wconf 86' lang='lat' dir='ltr'>Tu</span> <span class='ocrx_word' id='word_1_109' title='bbox 1774 1453 1927 1518; x_wconf 79' lang='lat' dir='ltr'>spes</span> <span class='ocrx_word' id='word_1_110' title='bbox 1972 1451 2262 1515; x_wconf 82' lang='lat' dir='ltr'>reorum,</span> 
     </span>
    </p>
   </div>
   <div class='ocr_carea' id='block_1_14' title="bbox 1633 1535 2285 1828">
    <p class='ocr_par' dir='ltr' id='par_1_18' title="bbox 1633 1535 2285 1828">
     <span class='ocr_line' id='line_1_46' title="bbox 1635 1535 2285 1603; baseline -0.005 0"><span class='ocrx_word' id='word_1_111' title='bbox 1635 1557 1778 1603; x_wconf 85' lang='lat' dir='ltr'>oum</span> <span class='ocrx_word' id='word_1_112' title='bbox 1826 1537 1915 1602; x_wconf 82' lang='lat' dir='ltr'>sis</span> <span class='ocrx_word' id='word_1_113' title='bbox 1962 1535 2285 1601; x_wconf 80' lang='lat' dir='ltr'>advocata</span> 
     </span>
     <span class='ocr_line' id='line_1_47' title="bbox 1633 1648 2207 1724; baseline 0.002 -21"><span class='ocrx_word' id='word_1_114' title='bbox 1633 1650 1854 1724; x_wconf 78' lang='lat' dir='ltr'>grata,</span> <span class='ocrx_word' id='word_1_115' title='bbox 2198 1648 2207 1656; x_wconf 85' lang='lat'><em>‘</em></span> 
     </span>
     <span class='ocr_line' id='line_1_48' title="bbox 1634 1745 2153 1828; baseline -0.006 -19"><span class='ocrx_word' id='word_1_116' title='bbox 1634 1745 1806 1809; x_wconf 83' lang='lat' dir='ltr'>dilue</span> <span class='ocrx_word' id='word_1_117' title='bbox 1850 1751 2153 1828; x_wconf 78' lang='lat' dir='ltr'>peccata,</span> 
     </span>
    </p>
   </div>
   <div class='ocr_carea' id='block_1_15' title="bbox 1606 1841 2221 1913">
    <p class='ocr_par' dir='ltr' id='par_1_19' title="bbox 1606 1841 2221 1913">
     <span class='ocr_line' id='line_1_49' title="bbox 1606 1841 2221 1913; baseline -0.008 0"><span class='ocrx_word' id='word_1_118' title='bbox 1606 1841 1615 1864; x_wconf 80' lang='lat'><strong><em>‘</em></strong></span> <span class='ocrx_word' id='word_1_119' title='bbox 1632 1854 1704 1913; x_wconf 87' lang='lat' dir='ltr'>ut</span> <span class='ocrx_word' id='word_1_120' title='bbox 1747 1847 1842 1912; x_wconf 84' lang='lat' dir='ltr'>sio</span> <span class='ocrx_word' id='word_1_121' title='bbox 1886 1846 2221 1910; x_wconf 81' lang='lat' dir='ltr'>moderata</span> 
     </span>
    </p>
   </div>
   <div class='ocr_carea' id='block_1_16' title="bbox 1632 1949 2340 2034">
    <p class='ocr_par' dir='ltr' id='par_1_20' title="bbox 1632 1949 2340 2034">
     <span class='ocr_line' id='line_1_50' title="bbox 1632 1949 2340 2034; baseline 0.003 -22"><span class='ocrx_word' id='word_1_122' title='bbox 1632 1967 1755 2034; x_wconf 86' lang='lat' dir='ltr'>pro</span> <span class='ocrx_word' id='word_1_123' title='bbox 1801 1950 1989 2014; x_wconf 81' lang='lat' dir='ltr'>uobis</span> <span class='ocrx_word' id='word_1_124' title='bbox 2031 1949 2340 2032; x_wconf 80' lang='lat' dir='ltr'>loquaris.</span> 
     </span>
    </p>
   </div>
   <div class='ocr_carea' id='block_1_17' title="bbox 1629 2108 2399 2720">
    <p class='ocr_par' dir='ltr' id='par_1_21' title="bbox 1630 2108 2039 2194">
     <span class='ocr_line' id='line_1_51' title="bbox 1630 2108 2039 2194; baseline -0.005 -18"><span class='ocrx_word' id='word_1_125' title='bbox 1630 2108 2039 2194; x_wconf 82' lang='lat' dir='ltr'>Angelorum</span> 
     </span>
    </p>

    <p class='ocr_par' dir='ltr' id='par_1_22' title="bbox 1632 2217 2399 2405">
     <span class='ocr_line' id='line_1_52' title="bbox 1632 2217 2399 2301; baseline 0.001 -21"><span class='ocrx_word' id='word_1_126' title='bbox 1632 2217 1938 2301; x_wconf 76' lang='lat' dir='ltr'>princeps</span> <span class='ocrx_word' id='word_1_127' title='bbox 1976 2223 2042 2281; x_wconf 80' lang='lat' dir='ltr'>et</span> <span class='ocrx_word' id='word_1_128' title='bbox 2087 2222 2399 2299; x_wconf 79' lang='lat' dir='ltr'>patrona,</span> 
     </span>
     <span class='ocr_line' id='line_1_53' title="bbox 1636 2321 1837 2405; baseline 0.005 -19"><span class='ocrx_word' id='word_1_129' title='bbox 1636 2321 1837 2405; x_wconf 88' lang='lat' dir='ltr'>dona,</span> 
     </span>
    </p>

    <p class='ocr_par' dir='ltr' id='par_1_23' title="bbox 1629 2428 2316 2720">
     <span class='ocr_line' id='line_1_54' title="bbox 1630 2428 2249 2511; baseline -0.003 -17"><span class='ocrx_word' id='word_1_130' title='bbox 1630 2436 1702 2494; x_wconf 86' lang='lat' dir='ltr'>ut</span> <span class='ocrx_word' id='word_1_131' title='bbox 1743 2428 2031 2511; x_wconf 81' lang='lat' dir='ltr'>loquaris</span> <span class='ocrx_word' id='word_1_132' title='bbox 2074 2429 2249 2494; x_wconf 86' lang='lat' dir='ltr'>bona</span> 
     </span>
     <span class='ocr_line' id='line_1_55' title="bbox 1629 2532 2307 2616; baseline -0.003 -21"><span class='ocrx_word' id='word_1_133' title='bbox 1629 2549 1752 2616; x_wconf 86' lang='lat' dir='ltr'>pro</span> <span class='ocrx_word' id='word_1_134' title='bbox 1799 2532 1988 2615; x_wconf 88' lang='lat' dir='ltr'>regni</span> <span class='ocrx_word' id='word_1_135' title='bbox 2033 2549 2307 2612; x_wconf 80' lang='lat' dir='ltr'>corona,</span> 
     </span>
     <span class='ocr_line' id='line_1_56' title="bbox 1632 2635 2316 2720; baseline -0.001 -19"><span class='ocrx_word' id='word_1_136' title='bbox 1632 2635 1825 2703; x_wconf 82' lang='lat' dir='ltr'>laude</span> <span class='ocrx_word' id='word_1_137' title='bbox 1871 2648 2017 2720; x_wconf 78' lang='lat' dir='ltr'>quae‘</span> <span class='ocrx_word' id='word_1_138' title='bbox 2061 2636 2316 2702; x_wconf 79' lang='lat' dir='ltr'>fruaris,</span> 
     </span>
    </p>
   </div>
   <div class='ocr_carea' id='block_1_18' title="bbox 1628 2800 2229 3196">
    <p class='ocr_par' dir='ltr' id='par_1_24' title="bbox 1631 2800 1918 2885">
     <span class='ocr_line' id='line_1_57' title="bbox 1631 2800 1918 2885; baseline 0.007 -20"><span class='ocrx_word' id='word_1_139' title='bbox 1631 2800 1918 2885; x_wconf 83' lang='lat' dir='ltr'>Dignare</span> 
     </span>
    </p>

    <p class='ocr_par' dir='ltr' id='par_1_25' title="bbox 1628 2905 2229 3196">
     <span class='ocr_line' id='line_1_58' title="bbox 1629 2905 2185 2989; baseline 0.004 -21"><span class='ocrx_word' id='word_1_140' title='bbox 1629 2924 1732 2968; x_wconf 88' lang='lat' dir='ltr'>me</span> <span class='ocrx_word' id='word_1_141' title='bbox 1748 2953 1766 2987; x_wconf 89' lang='lat'><em>‚</em></span> <span class='ocrx_word' id='word_1_142' title='bbox 1812 2905 2004 2988; x_wconf 85' lang='lat' dir='ltr'>virgo</span> <span class='ocrx_word' id='word_1_143' title='bbox 2023 2953 2040 2988; x_wconf 91' lang='lat'>,</span> <span class='ocrx_word' id='word_1_144' title='bbox 2086 2912 2185 2989; x_wconf 80' lang='lat' dir='ltr'>te,</span> 
     </span>
     <span class='ocr_line' id='line_1_59' title="bbox 1628 3006 2140 3092; baseline 0.002 -19"><span class='ocrx_word' id='word_1_145' title='bbox 1628 3006 1956 3073; x_wconf 82' lang='lat' dir='ltr'><strong>Christum</strong></span> <span class='ocrx_word' id='word_1_146' title='bbox 1997 3028 2140 3092; x_wconf 79' lang='lat' dir='ltr'>prae</span> 
     </span>
     <span class='ocr_line' id='line_1_60' title="bbox 1635 3113 2229 3196; baseline 0.003 -20"><span class='ocrx_word' id='word_1_147' title='bbox 1635 3113 1928 3177; x_wconf 82' lang='lat' dir='ltr'>omnibus</span> <span class='ocrx_word' id='word_1_148' title='bbox 1976 3133 2229 3196; x_wconf 80' lang='lat' dir='ltr'>amare,</span> 
     </span>
    </p>
   </div>
   <div class='ocr_carea' id='block_1_19' title="bbox 1561 3212 2051 3280">
    <p class='ocr_par' dir='ltr' id='par_1_26' title="bbox 1561 3212 2051 3280">
     <span class='ocr_line' id='line_1_61' title="bbox 1561 3212 2051 3280; baseline -0.006 0"><span class='ocrx_word' id='word_1_149' title='bbox 1561 3249 1570 3258; x_wconf 86' lang='lat'><strong>·</strong></span> <span class='ocrx_word' id='word_1_150' title='bbox 1633 3220 1705 3280; x_wconf 89' lang='lat' dir='ltr'>ut</span> <span class='ocrx_word' id='word_1_151' title='bbox 1746 3215 1812 3278; x_wconf 87' lang='lat' dir='ltr'>in</span> <span class='ocrx_word' id='word_1_152' title='bbox 1856 3212 2051 3279; x_wconf 83' lang='lat' dir='ltr'>laude</span> 
     </span>
    </p>
   </div>
   <div class='ocr_carea' id='block_1_20' title="bbox 1626 3317 2382 3816">
    <p class='ocr_par' dir='ltr' id='par_1_27' title="bbox 1629 3317 2096 3382">
     <span class='ocr_line' id='line_1_62' title="bbox 1629 3317 2096 3382; baseline 0 0"><span class='ocrx_word' id='word_1_153' title='bbox 1629 3317 1987 3382; x_wconf 77' lang='lat' dir='ltr'>serviamus</span> <span class='ocrx_word' id='word_1_154' title='bbox 2034 3317 2096 3382; x_wconf 88' lang='lat' dir='ltr'>ei</span> 
     </span>
    </p>

    <p class='ocr_par' dir='ltr' id='par_1_28' title="bbox 1627 3415 1831 3503">
     <span class='ocr_line' id='line_1_63' title="bbox 1627 3415 1831 3503; baseline -0.005 -18"><span class='ocrx_word' id='word_1_155' title='bbox 1627 3421 1727 3485; x_wconf 84' lang='lat' dir='ltr'>rei</span> <span class='ocrx_word' id='word_1_156' title='bbox 1743 3469 1761 3503; x_wconf 87' lang='lat'><em>‚</em></span> <span class='ocrx_word' id='word_1_157' title='bbox 1828 3415 1831 3418; x_wconf 61' lang='grc'><em>’</em></span> 
     </span>
    </p>

    <p class='ocr_par' dir='ltr' id='par_1_29' title="bbox 1626 3524 2294 3710">
     <span class='ocr_line' id='line_1_64' title="bbox 1629 3524 2294 3608; baseline 0.003 -20"><span class='ocrx_word' id='word_1_158' title='bbox 1629 3524 1821 3607; x_wconf 87' lang='lat' dir='ltr'>virgo</span> <span class='ocrx_word' id='word_1_159' title='bbox 1836 3574 1854 3608; x_wconf 88' lang='lat'>,</span> <span class='ocrx_word' id='word_1_160' title='bbox 1900 3533 2108 3591; x_wconf 79' lang='lat' dir='ltr'>mater</span> <span class='ocrx_word' id='word_1_161' title='bbox 2152 3524 2260 3590; x_wconf 77' lang='lat' dir='ltr'>dei</span> <span class='ocrx_word' id='word_1_162' title='bbox 2275 3572 2294 3608; x_wconf 93' lang='lat'>‚</span> 
     </span>
     <span class='ocr_line' id='line_1_65' title="bbox 1626 3626 2135 3710; baseline 0 -19"><span class='ocrx_word' id='word_1_163' title='bbox 1626 3626 1837 3693; x_wconf 81' lang='lat' dir='ltr'>locum</span> <span class='ocrx_word' id='word_1_164' title='bbox 1884 3628 2135 3710; x_wconf 83' lang='lat' dir='ltr'>requiei</span> 
     </span>
    </p>

    <p class='ocr_par' dir='ltr' id='par_1_30' title="bbox 1629 3730 2382 3816">
     <span class='ocr_line' id='line_1_66' title="bbox 1629 3730 2382 3816; baseline 0.003 -20"><span class='ocrx_word' id='word_1_165' title='bbox 1629 3730 1803 3813; x_wconf 90' lang='lat' dir='ltr'>quod</span> <span class='ocrx_word' id='word_1_166' title='bbox 1845 3731 2003 3796; x_wconf 87' lang='lat' dir='ltr'>velit</span> <span class='ocrx_word' id='word_1_167' title='bbox 2044 3740 2382 3816; x_wconf 80' lang='lat' dir='ltr'>praestare.</span> 
     </span>
    </p>
   </div>
   <div class='ocr_carea' id='block_1_21' title="bbox 2692 464 2781 528">
    <p class='ocr_par' dir='ltr' id='par_1_31' title="bbox 2692 464 2781 528">
     <span class='ocr_line' id='line_1_67' title="bbox 2692 464 2781 528; baseline -0.011 0"><span class='ocrx_word' id='word_1_168' title='bbox 2692 464 2781 528; x_wconf 74' lang='lat'>85</span> 
     </span>
    </p>
   </div>
   <div class='ocr_carea' id='block_1_22' title="bbox 2691 976 2781 1041">
    <p class='ocr_par' dir='ltr' id='par_1_32' title="bbox 2691 976 2781 1041">
     <span class='ocr_line' id='line_1_68' title="bbox 2691 976 2781 1041; baseline 0.011 -1"><span class='ocrx_word' id='word_1_169' title='bbox 2691 976 2781 1041; x_wconf 80' lang='lat'>40</span> 
     </span>
    </p>
   </div>
   <div class='ocr_carea' id='block_1_23' title="bbox 2692 1637 2776 1700">
    <p class='ocr_par' dir='ltr' id='par_1_33' title="bbox 2692 1637 2776 1700">
     <span class='ocr_line' id='line_1_69' title="bbox 2692 1637 2776 1700; baseline 0 0"><span class='ocrx_word' id='word_1_170' title='bbox 2692 1637 2776 1700; x_wconf 80' lang='lat'>45</span> 
     </span>
    </p>
   </div>
   <div class='ocr_carea' id='block_1_24' title="bbox 2691 2220 2777 2285">
    <p class='ocr_par' dir='ltr' id='par_1_34' title="bbox 2691 2220 2777 2285">
     <span class='ocr_line' id='line_1_70' title="bbox 2691 2220 2777 2285; baseline 0.023 -2"><span class='ocrx_word' id='word_1_171' title='bbox 2691 2220 2777 2285; x_wconf 84' lang='lat'>50</span> 
     </span>
    </p>
   </div>
   <div class='ocr_carea' id='block_1_25' title="bbox 2690 2805 2774 2868">
    <p class='ocr_par' dir='ltr' id='par_1_35' title="bbox 2690 2805 2774 2868">
     <span class='ocr_line' id='line_1_71' title="bbox 2690 2805 2774 2868; baseline 0 0"><span class='ocrx_word' id='word_1_172' title='bbox 2690 2805 2774 2868; x_wconf 87' lang='lat'>55</span> 
     </span>
    </p>
   </div>
   <div class='ocr_carea' id='block_1_26' title="bbox 2688 3319 2774 3384">
    <p class='ocr_par' dir='ltr' id='par_1_36' title="bbox 2688 3319 2774 3384">
     <span class='ocr_line' id='line_1_72' title="bbox 2688 3319 2774 3384; baseline 0 0"><span class='ocrx_word' id='word_1_173' title='bbox 2688 3319 2774 3384; x_wconf 80' lang='lat'>60</span> 
     </span>
    </p>
   </div>
   <div class='ocr_carea' id='block_1_27' title="bbox 174 3912 2774 4077">
    <p class='ocr_par' dir='ltr' id='par_1_37' title="bbox 174 3912 2774 4077">
     <span class='ocr_line' id='line_1_73' title="bbox 351 3912 2774 3986; baseline 0.004 -19"><span class='ocrx_word' id='word_1_174' title='bbox 351 3913 448 3970; x_wconf 73' lang='lat' dir='ltr'>Hs.</span> <span class='ocrx_word' id='word_1_175' title='bbox 482 3929 554 3968; x_wconf 79' lang='lat' dir='ltr'>zu</span> <span class='ocrx_word' id='word_1_176' title='bbox 591 3912 861 3973; x_wconf 69' lang='lat' dir='ltr'>munchen</span> <span class='ocrx_word' id='word_1_177' title='bbox 910 3913 1066 3986; x_wconf 85' lang='lat' dir='ltr'>Cgm.</span> <span class='ocrx_word' id='word_1_178' title='bbox 1102 3916 1222 3970; x_wconf 72' lang='grc'><strong>716.</strong></span> <span class='ocrx_word' id='word_1_179' title='bbox 1284 3912 1326 3971; x_wconf 84' lang='lat' dir='ltr'>f.</span> <span class='ocrx_word' id='word_1_180' title='bbox 1362 3917 1414 3971; x_wconf 84' lang='lat'>6.</span> <span class='ocrx_word' id='word_1_181' title='bbox 1469 3916 1568 3970; x_wconf 78' lang='lat' dir='ltr'>des</span> <span class='ocrx_word' id='word_1_182' title='bbox 1611 3917 1676 3970; x_wconf 82' lang='grc'>15</span> <span class='ocrx_word' id='word_1_183' title='bbox 1717 3916 1912 3973; x_wconf 79' lang='lat' dir='ltr'>Jahrh.</span> <span class='ocrx_word' id='word_1_184' title='bbox 1996 3918 2058 3974; x_wconf 85' lang='lat' dir='ltr'>ln</span> <span class='ocrx_word' id='word_1_185' title='bbox 2093 3918 2194 3975; x_wconf 81' lang='lat' dir='ltr'>der</span> <span class='ocrx_word' id='word_1_186' title='bbox 2228 3919 2324 3976; x_wconf 74' lang='lat' dir='ltr'>Hs.</span> <span class='ocrx_word' id='word_1_187' title='bbox 2359 3920 2461 3976; x_wconf 76' lang='lat' dir='ltr'>hat</span> <span class='ocrx_word' id='word_1_188' title='bbox 2494 3919 2598 3976; x_wconf 75' lang='lat' dir='ltr'>das</span> <span class='ocrx_word' id='word_1_189' title='bbox 2635 3919 2774 3977; x_wconf 79' lang='lat' dir='ltr'>Lied</span> 
     </span>
     <span class='ocr_line' id='line_1_74' title="bbox 174 4000 2067 4077; baseline 0 -15"><span class='ocrx_word' id='word_1_190' title='bbox 174 4004 319 4062; x_wconf 74' lang='lat' dir='ltr'>auch</span> <span class='ocrx_word' id='word_1_191' title='bbox 355 4004 391 4058; x_wconf 83' lang='lat'><strong>6</strong></span> <span class='ocrx_word' id='word_1_192' title='bbox 424 4000 857 4073; x_wconf 75' lang='lat' dir='ltr'>Abtheilungen,</span> <span class='ocrx_word' id='word_1_193' title='bbox 892 4001 1031 4058; x_wconf 80' lang='lat' dir='ltr'>aber</span> <span class='ocrx_word' id='word_1_194' title='bbox 1066 4002 1154 4058; x_wconf 78' lang='lat' dir='ltr'>die</span> <span class='ocrx_word' id='word_1_195' title='bbox 1190 4003 1370 4059; x_wconf 79' lang='lat' dir='ltr'>Verso</span> <span class='ocrx_word' id='word_1_196' title='bbox 1407 4002 1533 4059; x_wconf 78' lang='lat' dir='ltr'>siud</span> <span class='ocrx_word' id='word_1_197' title='bbox 1564 4004 1721 4060; x_wconf 83' lang='lat' dir='ltr'><strong>nicht</strong></span> <span class='ocrx_word' id='word_1_198' title='bbox 1755 4005 2067 4077; x_wconf 79' lang='lat' dir='ltr'>abgesetzt.</span> 
     </span>
    </p>
   </div>
   <div class='ocr_carea' id='block_1_28' title="bbox 174 4123 2771 4377">
    <p class='ocr_par' dir='ltr' id='par_1_38' title="bbox 174 4123 2771 4377">
     <span class='ocr_line' id='line_1_75' title="bbox 353 4123 2770 4204; baseline 0.002 -22"><span class='ocrx_word' id='word_1_199' title='bbox 353 4130 424 4184; x_wconf 68' lang='lat'>14</span> <span class='ocrx_word' id='word_1_200' title='bbox 492 4123 639 4183; x_wconf 80' lang='lat' dir='ltr'>fehlt</span> <span class='ocrx_word' id='word_1_201' title='bbox 703 4124 793 4181; x_wconf 81' lang='lat' dir='ltr'>ein</span> <span class='ocrx_word' id='word_1_202' title='bbox 843 4124 1148 4198; x_wconf 84' lang='lat' dir='ltr'>Zeitwort‚</span> <span class='ocrx_word' id='word_1_203' title='bbox 1213 4132 1365 4183; x_wconf 80' lang='lat' dir='ltr'>etwa</span> <span class='ocrx_word' id='word_1_204' title='bbox 1416 4126 1579 4184; x_wconf 76' lang='lat' dir='ltr'>cedit.</span> <span class='ocrx_word' id='word_1_205' title='bbox 1693 4128 1761 4182; x_wconf 93' lang='grc'>16</span> <span class='ocrx_word' id='word_1_206' title='bbox 1813 4127 2011 4183; x_wconf 74' lang='lat' dir='ltr'>summi</span> <span class='ocrx_word' id='word_1_207' title='bbox 2056 4133 2228 4185; x_wconf 74' lang='lat' dir='ltr'>creat.</span> <span class='ocrx_word' id='word_1_208' title='bbox 2282 4130 2377 4186; x_wconf 75' lang='lat' dir='ltr'>Es.</span> <span class='ocrx_word' id='word_1_209' title='bbox 2432 4146 2619 4204; x_wconf 78' lang='lat' dir='ltr'>gegen</span> <span class='ocrx_word' id='word_1_210' title='bbox 2667 4130 2770 4188; x_wconf 75' lang='lat' dir='ltr'>das</span> 
     </span>
     <span class='ocr_line' id='line_1_76' title="bbox 174 4213 2770 4288; baseline 0 -14"><span class='ocrx_word' id='word_1_211' title='bbox 174 4217 486 4274; x_wconf 75' lang='lat' dir='ltr'>Versmass.</span> <span class='ocrx_word' id='word_1_212' title='bbox 589 4217 656 4269; x_wconf 75' lang='grc'>17</span> <span class='ocrx_word' id='word_1_213' title='bbox 703 4213 938 4284; x_wconf 83' lang='lat' dir='ltr'>dunkel,</span> <span class='ocrx_word' id='word_1_214' title='bbox 992 4213 1117 4270; x_wconf 77' lang='lat' dir='ltr'>odis</span> <span class='ocrx_word' id='word_1_215' title='bbox 1156 4215 1464 4287; x_wconf 82' lang='lat' dir='ltr'>jungamur</span> <span class='ocrx_word' id='word_1_216' title='bbox 1515 4215 1742 4272; x_wconf 79' lang='lat' dir='ltr'>canoris</span> <span class='ocrx_word' id='word_1_217' title='bbox 1796 4215 1922 4288; x_wconf 83' lang='lat' dir='ltr'>gibt</span> <span class='ocrx_word' id='word_1_218' title='bbox 1966 4216 2089 4273; x_wconf 79' lang='lat' dir='ltr'>wol</span> <span class='ocrx_word' id='word_1_219' title='bbox 2141 4217 2301 4272; x_wconf 84' lang='lat' dir='ltr'>einen</span> <span class='ocrx_word' id='word_1_220' title='bbox 2352 4219 2770 4274; x_wconf 78' lang='lat' dir='ltr'>aunehmbaren</span> 
     </span>
     <span class='ocr_line' id='line_1_77' title="bbox 174 4298 2771 4377; baseline -0.001 -14"><span class='ocrx_word' id='word_1_221' title='bbox 174 4304 332 4374; x_wconf 76' lang='lat' dir='ltr'>Sino,</span> <span class='ocrx_word' id='word_1_222' title='bbox 367 4304 506 4360; x_wconf 79' lang='lat' dir='ltr'>aber</span> <span class='ocrx_word' id='word_1_223' title='bbox 541 4318 603 4358; x_wconf 75' lang='lat' dir='ltr'>es</span> <span class='ocrx_word' id='word_1_224' title='bbox 637 4301 715 4359; x_wconf 76' lang='lat' dir='ltr'>ist</span> <span class='ocrx_word' id='word_1_225' title='bbox 748 4298 1131 4373; x_wconf 80' lang='lat' dir='ltr'>zweifelhaft‚</span> <span class='ocrx_word' id='word_1_226' title='bbox 1168 4301 1244 4359; x_wconf 88' lang='lat' dir='ltr'>ob</span> <span class='ocrx_word' id='word_1_227' title='bbox 1280 4300 1381 4357; x_wconf 85' lang='lat' dir='ltr'>der</span> <span class='ocrx_word' id='word_1_228' title='bbox 1415 4302 1721 4359; x_wconf 68' lang='lat' dir='ltr'>Scheiber</span> <span class='ocrx_word' id='word_1_229' title='bbox 1758 4300 1879 4358; x_wconf 78' lang='lat' dir='ltr'><strong>sich</strong></span> <span class='ocrx_word' id='word_1_230' title='bbox 1914 4303 1972 4358; x_wconf 85' lang='lat' dir='ltr'>in</span> <span class='ocrx_word' id='word_1_231' title='bbox 2011 4302 2161 4359; x_wconf 81' lang='lat' dir='ltr'>allen</span> <span class='ocrx_word' id='word_1_232' title='bbox 2197 4302 2320 4359; x_wconf 75' lang='lat' dir='ltr'>drei</span> <span class='ocrx_word' id='word_1_233' title='bbox 2351 4303 2633 4360; x_wconf 72' lang='lat' dir='ltr'>wortern</span> <span class='ocrx_word' id='word_1_234' title='bbox 2669 4319 2771 4377; x_wconf 83' lang='lat' dir='ltr'>ge-</span> 
     </span>
    </p>
   </div>
   <div class='ocr_carea' id='block_1_29' title="bbox 174 4392 480 4448">
    <p class='ocr_par' dir='ltr' id='par_1_39' title="bbox 174 4392 480 4448">
     <span class='ocr_line' id='line_1_78' title="bbox 174 4392 480 4448; baseline -0.01 0"><span class='ocrx_word' id='word_1_235' title='bbox 174 4392 287 4448; x_wconf 84' lang='lat' dir='ltr'>irrt</span> <span class='ocrx_word' id='word_1_236' title='bbox 318 4392 480 4448; x_wconf 80' lang='lat' dir='ltr'>habe.</span> 
     </span>
    </p>
   </div>
   <div class='ocr_carea' id='block_1_30' title="bbox 172 4508 2770 4765">
    <p class='ocr_par' dir='ltr' id='par_1_40' title="bbox 172 4508 2770 4765">
     <span class='ocr_line' id='line_1_79' title="bbox 349 4508 2769 4586; baseline 0 -16"><span class='ocrx_word' id='word_1_237' title='bbox 349 4515 418 4570; x_wconf 84' lang='lat' dir='ltr'>V.</span> <span class='ocrx_word' id='word_1_238' title='bbox 456 4515 541 4571; x_wconf 84' lang='lat'>18.</span> <span class='ocrx_word' id='word_1_239' title='bbox 579 4514 663 4570; x_wconf 80' lang='lat'>19.</span> <span class='ocrx_word' id='word_1_240' title='bbox 723 4511 1044 4583; x_wconf 80' lang='lat' dir='ltr'>Nascimur,</span> <span class='ocrx_word' id='word_1_241' title='bbox 1100 4517 1164 4570; x_wconf 87' lang='lat' dir='ltr'>ut</span> <span class='ocrx_word' id='word_1_242' title='bbox 1209 4527 1580 4586; x_wconf 71' lang='lat' dir='ltr'>agnoscamus</span> <span class='ocrx_word' id='word_1_243' title='bbox 1632 4508 1909 4568; x_wconf 78' lang='lat' dir='ltr'>faetorem</span> <span class='ocrx_word' id='word_1_244' title='bbox 1954 4512 2143 4568; x_wconf 79' lang='lat' dir='ltr'>mundi</span> <span class='ocrx_word' id='word_1_245' title='bbox 2190 4527 2258 4567; x_wconf 79' lang='lat' dir='ltr'>ao</span> <span class='ocrx_word' id='word_1_246' title='bbox 2301 4512 2514 4583; x_wconf 72' lang='lat' dir='ltr'>nostri,</span> <span class='ocrx_word' id='word_1_247' title='bbox 2576 4512 2769 4586; x_wconf 77' lang='lat' dir='ltr'>deum3</span> 
     </span>
     <span class='ocr_line' id='line_1_80' title="bbox 173 4599 2767 4676; baseline -0.001 -14"><span class='ocrx_word' id='word_1_248' title='bbox 173 4604 306 4662; x_wconf 78' lang='lat' dir='ltr'>ideo</span> <span class='ocrx_word' id='word_1_249' title='bbox 355 4602 708 4676; x_wconf 75' lang='lat' dir='ltr'>agnoscimus</span> <span class='ocrx_word' id='word_1_250' title='bbox 722 4642 739 4672; x_wconf 92' lang='lat'>,</span> <span class='ocrx_word' id='word_1_251' title='bbox 786 4607 851 4659; x_wconf 85' lang='lat' dir='ltr'>ut</span> <span class='ocrx_word' id='word_1_252' title='bbox 896 4601 1175 4673; x_wconf 51' lang='lat' dir='ltr'>columma</span> <span class='ocrx_word' id='word_1_253' title='bbox 1244 4600 1373 4657; x_wconf 71' lang='lat' dir='ltr'>ideo</span> <span class='ocrx_word' id='word_1_254' title='bbox 1423 4600 1663 4657; x_wconf 78' lang='lat' dir='ltr'>colimus</span> <span class='ocrx_word' id='word_1_255' title='bbox 1680 4641 1694 4670; x_wconf 92' lang='lat'>,</span> <span class='ocrx_word' id='word_1_256' title='bbox 1756 4605 1820 4656; x_wconf 90' lang='lat' dir='ltr'>ut</span> <span class='ocrx_word' id='word_1_257' title='bbox 1853 4599 2330 4657; x_wconf 78' lang='lat' dir='ltr'>immortalitatem</span> <span class='ocrx_word' id='word_1_258' title='bbox 2362 4617 2471 4674; x_wconf 77' lang='lat' dir='ltr'>pro</span> <span class='ocrx_word' id='word_1_259' title='bbox 2506 4601 2767 4658; x_wconf 75' lang='lat' dir='ltr'>laborum</span> 
     </span>
     <span class='ocr_line' id='line_1_81' title="bbox 172 4687 2770 4765; baseline 0.001 -17"><span class='ocrx_word' id='word_1_260' title='bbox 172 4691 433 4754; x_wconf 66' lang='lat' dir='ltr'>mercede</span> <span class='ocrx_word' id='word_1_261' title='bbox 471 4689 768 4764; x_wconf 71' lang='lat' dir='ltr'>capiamus,</span> <span class='ocrx_word' id='word_1_262' title='bbox 803 4689 1065 4764; x_wconf 75' lang='lat' dir='ltr'>quonian</span> <span class='ocrx_word' id='word_1_263' title='bbox 1099 4689 1353 4748; x_wconf 73' lang='lat' dir='ltr'>maximin</span> <span class='ocrx_word' id='word_1_264' title='bbox 1390 4688 1684 4746; x_wconf 77' lang='lat' dir='ltr'>labon&#39;bus</span> <span class='ocrx_word' id='word_1_265' title='bbox 1720 4687 1903 4746; x_wconf 75' lang='lat' dir='ltr'>cultus</span> <span class='ocrx_word' id='word_1_266' title='bbox 1938 4689 2036 4745; x_wconf 78' lang='lat' dir='ltr'>dei</span> <span class='ocrx_word' id='word_1_267' title='bbox 2072 4693 2326 4763; x_wconf 56' lang='lat' dir='ltr'>tumtun</span> <span class='ocrx_word' id='word_1_268' title='bbox 2369 4691 2500 4750; x_wconf 78' lang='lat' dir='ltr'>ideo</span> <span class='ocrx_word' id='word_1_269' title='bbox 2534 4691 2770 4765; x_wconf 75' lang='lat' dir='ltr'>praemio</span> 
     </span>
    </p>
   </div>
  </div>
 </body>
</html>
