3167 5242
2701 305 2826 372 1⁷1

227 493 544 561 Octavum
592 512 708 557 sex
751 481 1130 577 hydriarum
1585 491 1986 557 confortatos
2030 489 2444 558 inflammavit

228 607 385 664 tuno
420 598 485 661 in
532 597 750 660 vinum
798 613 1289 678 conversarum,
1671 603 1922 680 septem
1973 595 2157 662 donis
2203 597 2482 682 spiritus».

229 702 319 768 ad
364 701 667 766 decorem
709 702 1073 785 nuptiarum
1393 698 1478 760 35

320 809 630 875 convivas
672 806 1028 872 laetificans,
1584 801 1996 888 Duodenum,
2044 824 2184 870 oum
2230 804 2539 869 ooelorum

1583 906 1832 970 intrans
1877 928 2085 991 regna
2130 907 2507 990 angelorum
2748 909 2832 974 50

226 1018 485 1086 Nonum
530 1016 679 1097 fuit,
729 1033 869 1078 oum
916 1009 1187 1091 revixit,
1587 1008 1837 1072 sociata
1882 1026 1954 1071 es
1998 1015 2398 1090 sanctorum,

231 1125 401 1187 siout
445 1127 633 1183 antea
677 1114 1014 1201 praedixit,
1485 1125 1491 1130 '
1676 1111 1940 1192 regina,
1988 1107 2364 1192 agminibus,

231 1224 372 1305 hia,
420 1224 485 1286 in
531 1228 740 1285 morte
786 1237 946 1301 quos
984 1216 1241 1298 afflixit,

325 1350 397 1394 se
443 1329 661 1394 vivum
708 1324 1084 1391 testificans.
1399 1321 1484 1384 40
1590 1319 1858 1402 Vidisti,
1901 1325 2094 1402 quem
2137 1319 2493 1402 diligebas,

1592 1424 1678 1490 ad
1725 1444 1912 1508 quem
1956 1425 2054 1488 ire
2098 1425 2408 1507 cupiebas

231 1534 485 1599 Denum
527 1551 688 1597 vero
734 1541 801 1596 te
845 1535 1172 1615 praesente
1595 1539 1662 1594 et
1707 1549 1834 1613 quo
1879 1530 2006 1596 frui
2050 1531 2318 1596 sitiebas
2753 1529 2836 1593 5³

232 1647 303 1704 et
345 1640 410 1702 in
454 1637 655 1703 ooelos
702 1635 1130 1717 ascendente,
1683 1634 1936 1717 angelis
1982 1637 2403 1701 cantantibus,

233 1749 385 1807 tuos
431 1758 593 1823 ergo
645 1741 1018 1806 attendente

327 1847 645 1911 clamores
693 1851 759 1907 et
802 1842 1095 1925 gemitus.
1593 1823 1776 1926 Ergo
1821 1860 2042 1908 omnes
2088 1845 2154 1907 te
2201 1861 2541 1928 rogamus,

1594 1954 1665 2010 ut
1701 1947 1807 2027 qui
1854 1954 1964 2011 tua
2002 1948 2481 2030 frequentamus

233 2052 614 2134 Undenum,
664 2070 805 2117 cum
849 2050 1139 2113 visitavit
1403 2050 1486 2112 45
1595 2045 1862 2130 gaudia,
1910 2055 1974 2111 te
2019 2049 2352 2115 videamus

234 2164 307 2221 et
353 2155 595 2220 amieos
641 2151 1060 2233 confortavit,
1679 2150 1747 2213 in
1793 2157 2038 2214 aeterna
2076 2150 2310 2234 gloria.
2755 2151 2836 2217 60

420 2367 515 2431 Hs.
553 2392 622 2428 zu
659 2370 1012 2427 Lichtenthal
1059 2380 1190 2426 vom
1226 2368 1369 2425 Jah‘r
1408 2367 1549 2424 1400
1597 2370 1725 2439 (A).
1814 2368 1908 2423 Rs.
1961 2385 2031 2424 zu
2079 2367 2416 2438 Καί-18111116,
2479 2386 2532 2426 o.
2565 2367 2671 2426 No.
2707 2387 2838 2426 vom

235 2464 381 2520 Jahr
417 2464 570 2517 1440.
608 2458 647 2515 f.
683 2463 719 2514 ’7
756 2453 885 2532 (Β),
924 2459 1012 2514 als
1048 2453 1262 2515 Gaudia
1297 2458 1351 2513 b.
1386 2447 1459 2512 111.
1494 2473 1548 2512 v.
1619 2456 2004 2514 Reiohenauer
2037 2457 2129 2513 Hs.
2170 2457 2424 2514 ‹laselbst
2458 2458 2563 2514 No.
2581 2460 2666 2515 36.
2694 2457 2733 2515 f.
2762 2461 2834 2515 21

236 2550 338 2606 des
378 2551 446 2604 14
478 2550 672 2605 Jahrb.
712 2549 836 2618 (G).
2368 2547 2384 2567 '

416 2690 446 2741 1
485 2688 745 2759 gloriosa
780 2687 844 2741 B.
930 2688 975 2740 1.
1012 2688 1065 2739 2.
1114 2684 1298 2739 haben
1346 2681 1616 2756 fulgendo
1664 2683 2007 2755 Aenderung
2054 2684 2153 2739 (les
2200 2684 2609 2742 Abschreibers
2659 2687 2716 2743 in
2764 2688 2837 2744 C:

238 2775 423 2849 gaude
459 2775 626 2846 virgo
662 2773 951 2845 gratiosa,
1003 2771 1061 2826 in
1099 2771 1337 2826 excelsis
1374 2771 1650 2843 gloriosa.
1721 2775 1757 2825 2
1793 2771 2056 2842 speciosa
2089 2773 2150 2827 B.
2220 2773 2254 2827 3
2290 2773 2627 2830 verfindert:
2666 2790 2838 2848 geue-

237 2879 375 2920 rosa
413 2861 470 2918 C.
570 2863 604 2914 5
653 2857 781 2916 hab.
819 2856 971 2942 ,fehlt
1005 2857 1066 2915 B.
1151 2857 1184 2911 6
1222 2858 1519 2930 corrigirt:
1583 2858 1777 2913 Jesum
1813 2859 1874 2915 G.
1960 2859 1995 2912 9
2048 2859 2174 2913 dum
2211 2856 2251 2915 f.
2287 2860 2437 2930 quod
2471 2862 2531 2918 C.
2605 2864 2675 2917 10
2710 2879 2837 2933 quae

238 2957 297 3008 te
334 2952 394 3006 B.
486 2951 551 3001 11
591 2949 719 3004 Chr.
757 2945 899 3002 fehlt
935 2945 995 3000 B.
1104 2947 1171 2998 12
1206 2943 1391 3000 infans
1428 2942 1467 2999 f.
1503 2943 1634 3000 Joh.
1671 2944 1734 2998 B.
1836 2947 1903 2999 15
1941 2950 2245 3001 veneratus
2282 2950 2347 3002 A.
2433 2951 2501 3001 17
2537 2951 2595 3004 in
2631 2956 2839 3021 quarto

236 3055 311 3095 m.
347 3054 401 3092 v.
436 3036 549 3092 AC.
620 3036 692 3090 20
729 3033 781 3086 ei
818 3034 893 3102 B,
947 3029 1118 3087 ‹lafiir
1153 3032 1303 3087 steht
1339 3028 1428 3086 ost
1460 3029 1581 3087 sibi.
1665 3032 1734 3084 21
1772 3030 1964 3101 quinto
2000 3032 2067 3085 A.
2137 3035 2208 3086 23
2246 3033 2340 3103 qui
2377 3034 2538 3088 deum
2574 3037 2842 3108 depreca-

232 3117 406 3183 batur
442 3124 631 3178 dicens
666 3131 753 3177 me
787 3135 841 3193 p.
879 3121 943 3175 Β.
1038 3121 1111 3175 26
1145 3124 1468 3174 revertetur
1499 3117 1562 3174 Β.
1659 3119 1734 3173 34
1770 3123 1829 3172 et
1864 3115 1901 3172 s.
1938 3125 2068 3175 tuno
2104 3121 2219 3177 AG.
2312 3122 2383 3175 35
2420 3130 2761 3180 communem
2797 3121 2837 3179 f.

234 3211 358 3272 deo.
395 3211 459 3270 B.
555 3213 627 3268 36
662 3201 918 3266 laetificas
952 3212 1019 3266 A.
1116 3211 1186 3265 39
1222 3210 1271 3264 is
1312 3241 1376 3251 —
1414 3213 1603 3265 monte
1641 3240 1705 3249 —
1744 3201 1927 3263 affixit
1960 3208 2024 3264 A.
2122 3212 2190 3264 41
2230 3209 2498 3265 decimum
2533 3209 2642 3266 fuit
2677 3217 2734 3266 te
2769 3213 2836 3282 B,

232 3303 373 3359 itere
412 3304 473 3360 C.
555 3302 625 3356 42
661 3300 820 3356 coelis
855 3301 934 3369 A,
987 3297 1215 3356 Christo
1253 3297 1377 3353 coel.
1413 3297 1475 3353 B.
1545 3297 1617 3352 44
1652 3293 1879 3353 dolores
1918 3289 1981 3352 B.
2052 3298 2123 3352 45
2160 3297 2502 3356 undecimum
2537 3299 2600 3354 B.
2671 3301 2743 3354 46
2779 3303 2838 3357 et

233 3385 386 3449 fehlt
420 3389 497 3460 A,
537 3393 766 3444 cunctos
804 3385 844 3441 f.
883 3397 986 3443 am.
1025 3387 1088 3442 B.
1157 3386 1229 3441 47
1262 3383 1594 3442 confortans
1621 3375 1699 3456 Α,
1738 3386 1886 3440 corr.
1919 3386 2078 3456 ipsos
2115 3385 2277 3443 donis
2313 3384 2391 3457 C,
2427 3394 2485 3442 et
2519 3381 2739 3443 inflavit
2771 3387 2837 3443 Β.

231 3473 309 3535 48
345 3481 486 3548 sep't.
522 3473 691 3546 fehlt,
756 3471 924 3531 daffir
977 3475 1138 3531 donis
1196 3473 1378 3529 sancti
1425 3490 1509 3545 sp.
1561 3475 1625 3529 B.
1716 3473 1786 3528 49
1823 3470 2203 3529 duodecimum
2239 3474 2301 3529 Β.
2391 3474 2462 3529 50
2506 3487 2742 3549 regnum
2778 3473 2842 3531 B.

235 3568 310 3621 51
347 3565 654 3621 societates
692 3578 820 3636 ang.
857 3565 920 3619 Β.
986 3566 1056 3618 53
1085 3579 1248 3635 quem
1284 3562 1393 3618 vid.
1430 3578 1479 3633 q.
1514 3563 1580 3618 A.
1651 3564 1723 3618 54
1756 3561 1900 3617 illud
1935 3561 2019 3617 ire
2055 3563 2119 3633 B,
2154 3561 2279 3619 also
2309 3560 2403 3618 fiir
2429 3559 2579 3618 illue.
2651 3565 2720 3617 55
2749 3561 2841 3619 cui

232 3652 316 3711 fr.
343 3655 412 3723 A,
448 3653 610 3726 cujus
649 3650 708 3720 C,
745 3668 907 3723 quem
943 3658 1232 3723 spectares
1268 3655 1331 3707 ut
1364 3650 1601 3706 volebas
1636 3651 1701 3705 B.
1773 3652 1844 3705 57
1879 3657 1942 3706 ut
1976 3668 2081 3706 nos
2118 3667 2309 3707 omnes
2347 3651 2441 3723 qui
2475 3668 2517 3707 r.
2545 3653 2612 3707 A.
2683 3652 2753 3707 58
2781 3656 2842 3707 et

237 3743 337 3815 qui
373 3774 437 3783 —
474 3744 855 3811 praeoptamus
890 3741 974 3809 A,
1028 3737 1173 3795 fehlt
1206 3739 1267 3794 B.
1337 3740 1408 3793 59
1443 3739 1654 3811 gaudio
1688 3739 1764 3810 A,
1801 3744 1864 3795 ut
1896 3739 2090 3795 habita
2124 3755 2468 3796 resumamus
2504 3740 2566 3794 Β.
2636 3741 2708 3795 60
2742 3745 2842 3795 tua

235 3846 381 3886 vera
414 3828 622 3902 gaudia
657 3828 721 3897 B,
757 3827 968 3882 saecula
1005 3827 1068 3886 G.
1156 3828 1204 3884 B
1241 3826 1579 3883 wiederholt
1613 3827 1702 3882 als
1736 3829 1821 3882 61.
1857 3829 1943 3882 62.
2003 3826 2153 3899 quod
2200 3832 2382 3884 tecum
2417 3841 2841 3900 permaneamus

236 3918 301 3975 in
337 3923 550 3974 aeterna
584 3916 792 3988 gloria.

415 4060 486 4114 V.
521 4061 609 4115 48.
662 4059 808 4116 Sunt
841 4060 1060 4132 quidem
1093 4058 1272 4116 variae
1308 4059 1661 4130 donationes,
1696 4059 1796 4115 sed
1829 4056 1888 4115 in
1925 4061 2123 4117 eodem
2157 4059 2377 4132 spiritu.
2428 4057 2642 4114 Hieron.
2667 4055 2725 4113 in
2753 4072 2841 4130 ep.

237 4150 321 4207 ad
350 4149 555 4221 Ephes.
590 4151 642 4219 4,
679 4150 730 4204 3.

419 4322 523 4378 Ein
556 4320 692 4376 Lied
726 4322 869 4376 iiber
903 4317 993 4377 (lie
1032 4317 1100 4376 15
1134 4319 1388 4378 troaden
1423 4321 1606 4379 Harii
1639 4323 1794 4380 steht
1825 4323 1885 4379 in
1921 4323 2021 4379 der
2055 4323 2149 4379 Hs.
2184 4339 2256 4377 zu
2288 4319 2348 4380 S.
2383 4319 2556 4378 Peter
2587 4321 2647 4376 in
2682 4319 2844 4378 Sals-

237 4412 394 4484 burg
426 4409 499 4479 X,
535 4412 620 4464 37.
657 4409 755 4464 des
793 4411 860 4462 15
894 4408 1090 4465 Jahrh.
1126 4409 1185 4464 in
1222 4414 1291 4465 19
1327 4411 1616 4483 Strophen
1649 4410 1762 4466 und
1796 4408 1968 4483 fangt
2001 4425 2069 4464 so
2104 4425 2207 4465 an:

458 4529 647 4589 Gaude
685 4532 840 4588 clara
875 4529 1044 4588 stella
1079 4533 1279 4606 maris,
1734 4532 1924 4590 Gaude
1958 4536 2139 4588 mater
2174 4529 2508 4603 singularis,

459 4636 583 4691 quae
620 4621 724 4677 sub
759 4625 893 4676 'nato
929 4619 1266 4692 principaris
1731 4621 1904 4695 virgo
1939 4633 2159 4692 semper
2192 4637 2317 4693 quae
2350 4620 2616 4694 probaris

528 4712 850 4763 sanctorum
885 4706 1132 4779 collegio
1145 4747 1162 4778 ,
1805 4705 1951 4764 miro
1984 4706 2308 4782 privilegio.
