3167 5242
375 391 562 476 Ave,
600 409 790 475 quam
836 410 955 458 suo
996 411 1264 460 munere

380 495 678 563 Christus
720 496 1021 561 instruxit
1063 496 1349 582 psallere

380 597 543 665 orde
560 646 580 682 ,
623 597 823 663 corde
837 645 856 679 ,
900 598 1209 682 operibus

379 703 706 786 sapienter
749 720 892 785 proe
918 702 1246 768 omuibus.

378 886 535 955 Ave
576 886 884 971 templum
921 884 1223 971 justitiae,
1501 885 1630 952 186

378 999 586 1058 mater
629 988 1124 1072 misericordiae,

382 1115 511 1180 qua
551 1112 911 1179 pauperum
950 1093 1237 1178 suspiria

380 1206 833 1286 promerentur
877 1197 1179 1263 remedia.

382 1379 535 1448 Ave
555 1427 573 1463 ‚
619 1379 804 1465 cujus
848 1379 1090 1444 locutio

384 1492 453 1551 et
495 1482 711 1550 cordis
756 1481 1085 1548 meditatio
1507 1482 1633 1547 190

382 1607 691 1652 summam
735 1587 930 1653 docet
971 1584 1386 1671 prudentiam

381 1691 719 1775 patrisque
761 1691 1163 1774 sapientiam.

381 1868 568 1956 Ave,
608 1893 756 1957 quae
800 1872 1014 1939 laudis
1060 1874 1339 1940 hostiam

384 1972 512 2040 deo
555 1974 776 2040 reddis
831 1985 899 2041 et
941 1976 1216 2058 gloriam

293 2070 303 2082 ’
384 2087 456 2143 tu
498 2080 655 2163 iter,
701 2097 829 2163 quo
878 2081 986 2162 qui
1029 2079 1357 2163 graditur,
1504 2078 1630 2143 195

382 2182 478 2248 illi
520 2182 720 2248 Jesus
764 2182 1143 2249 ostenditur.

384 2363 569 2450 Ave,
614 2365 802 2451 cujus
848 2371 995 2431 sunt
1038 2363 1215 2429 labia

384 2489 583 2555 super
626 2471 843 2535 favum
889 2467 1227 2554 perdulcia
1243 2513 1262 2548 ,

386 2593 534 2658 quae
579 2573 871 2638 salvator
916 2572 1169 2656 aperuit

388 2685 456 2742 et
500 2695 573 2741 se
618 2675 890 2741 laudare
936 2674 1172 2740 docuit.
1504 2673 1636 2738 20⁰

386 2854 540 2923 Ave
583 2859 774 2942 virgo
818 2877 1170 2942 puerpera,

388 2970 461 3027 ut
505 2961 678 3028 oliva
722 2961 1061 3027 fructifera

387 3066 564 3130 vasis
608 3064 1069 3132 misericordia}

388 3184 604 3233 rorem
646 3167 1045 3252 profundens
1090 3167 1339 3250 gratiae.

386 3349 574 3433 Ave,
616 3369 740 3435 per
783 3369 975 3433 quam
1019 3350 1228 3414 bonus
1272 3366 1437 3418 unus
1506 3348 1636 3412 2⁰5

386 3453 648 3536 pietatis
695 3451 876 3517 dedit
917 3470 1144 3516 munus

390 3554 527 3638 his,
573 3556 683 3639 qui
727 3558 899 3620 bona
944 3572 1073 3619 non
1119 3555 1443 3638 fecerunt,

390 3658 513 3724 sed
554 3666 903 3742 peccantes
947 3665 1349 3724 erraverunt.

389 3820 574 3906 Ave,
621 3841 767 3906 quae
810 3822 1243 3887 voluntariam
1492 3884 1497 3891 .

391 3926 520 3993 deo
564 3926 799 3992 dedisti
842 3928 1151 4010 hostiam,
1508 3926 1639 3991 210

391 4032 694 4098 confessa
735 4050 968 4098 nomen
1008 4031 1278 4115 domini,

390 4137 460 4203 in
503 4154 633 4220 quo
677 4145 779 4203 est
820 4138 1000 4203 salus
1041 4135 1299 4204 homini.

392 4297 544 4366 Ave
590 4301 868 4384 simplex
906 4309 981 4366 ut
1022 4300 1357 4382 columba,

390 4423 539 4489 quae
583 4405 669 4471 de
713 4407 936 4472 mortis
978 4405 1172 4491 hujus
1216 4407 1436 4473 tumba

392 4510 662 4592 sumptis
695 4513 926 4594 pennis
969 4511 1247 4577 avolasti
1504 4511 1637 4576 215

394 4608 482 4676 ad
527 4610 823 4696 quietem,
869 4633 1061 4697 quam
1103 4614 1349 4681 amasti.

1734 387 1917 473 Ave,
1963 390 2152 476 eujus
2191 391 2664 458 mima-

1737 491 1823 558 de
1866 500 2075 558 morte
2121 492 2283 558 deus
2327 495 2603 559 ani-an

1735 595 1804 661 in
1847 602 2159 662 aeternum
2199 597 2442 681 eripuit

1735 707 1805 765 et
1845 700 1914 764 in
1957 699 2144 766 coelis
2183 700 2525 768 enuntiant

1736 877 1890 947 Ave
1933 886 2143 946 mater
2184 881 2490 964 egregia,

1738 994 2109 1053 sanctorum
2151 1006 2305 1073 spes
2348 997 2416 1054 et
2459 989 2702 1073 gloria,

1735 1091 1925 1176 cujus
1968 1099 2196 1177 partus
2242 1091 2324 1159 de
2368 1093 2612 1159 tumulo

1736 1197 2098 1263 resurrexit
2140 1196 2441 1264 diluculo.

1736 1370 1921 1458 Ave,
1966 1373 2152 1460 cujus
2186 1375 2438 1459 justitia

1737 1478 1806 1543 in
1850 1478 2000 1545 coeli
2040 1478 2232 1545 floret
2275 1481 2456 1546 curia
2470 1529 2488 1564 ,

1735 1582 1804 1647 in
1848 1589 2141 1647 extremo
2184 1583 2514 1650 laetaberis
2534 1630 2553 1666 ,

1741 1686 2000 1769 quando
2043 1686 2395 1754 vindictam
2435 1687 2700 1753 videris.

1737 1864 1920 1949 Ave,
1966 1866 2153 1952 cujus
2197 1868 2263 1932 in
2309 1886 2651 1935 occursum

1737 1971 1894 2034 vitae
1938 1970 2132 2055 hujus
2173 1978 2327 2056 post
2369 1970 2719 2036 decursum

1738 2070 2037 2140 Christus
2081 2073 2378 2156 gaudens
2423 2073 2826 2156 exsurrexit,

1739 2178 1891 2261 quia
1927 2177 2230 2244 mundam
2271 2187 2340 2243 te
2383 2179 2747 2265 conspexit.

1738 2354 1892 2427 Ave
1912 2408 1930 2443 ,
1974 2378 2096 2444 per
2145 2358 2331 2443 cujus
2375 2357 2575 2424 filium

1739 2465 1961 2548 plagae
2005 2472 2315 2529 sanantur
2355 2463 2676 2545 cordium,

1741 2584 2012 2651 quorum
2055 2566 2232 2632 facta
2275 2567 2573 2633 contritio

1742 2669 1850 2734 dei
1893 2678 2148 2736 constat
2180 2670 2449 2753 judicio.

1741 2850 1930 2937 Ave,
1978 2853 2164 2938 cujus
2206 2854 2271 2918 in
2321 2854 2564 2921 saecula

1741 2966 1887 3023 sunt
1930 2960 2110 3042 regis
2151 2960 2574 3025 tabernacula
2587 3007 2605 3042 ‚

1740 3063 1958 3147 quieta
2001 3065 2448 3149 commoratio,

1738 3167 1897 3233 felix
1939 3176 2309 3234 sauctorum
2349 3170 2614 3235 mansio.

1738 3347 1931 3434 Ave,
1975 3350 2164 3436 cnjus
2205 3349 2378 3417 filius
2421 3359 2556 3434 est,

1738 3473 1862 3540 per
1904 3473 2096 3539 quem
2137 3454 2299 3520 deus
2343 3455 2599 3521 locutus
2643 3460 2748 3519 est
2765 3500 2788 3537 ,

1740 3557 1808 3622 in
1851 3577 1980 3641 qua
2020 3575 2218 3623 carne
2254 3577 2326 3622 se
2370 3557 2577 3623 induit

1742 3662 2038 3743 verbum,
2087 3659 2248 3725 deus
2292 3660 2467 3744 quod
2511 3659 2756 3744 genuit.

1740 3824 1892 3892 Ave
1906 3874 1923 3909 ‚
1966 3826 2152 3912 cujus
2193 3846 2375 3892 mens
2413 3824 2665 3911 jugiter

1742 3948 1900 3998 caro
1946 3951 2138 4015 quam
2180 3932 2618 4016 multipliciter

1742 4035 1944 4103 sitivit
1985 4036 2054 4101 in
2097 4043 2164 4102 te
2209 4036 2488 4120 vigilans

1743 4138 1831 4206 ad
1874 4146 1941 4205 te
1986 4136 2174 4206 deus·
2193 4147 2264 4204 et
2295 4140 2606 4224 jubilans.

1742 4299 1895 4368 Ave
1939 4301 2131 4386 virgo
2171 4321 2500 4390 puerpera
2517 4351 2536 4387 ,

1745 4423 1894 4488 quae
1935 4406 2098 4471 mira
2139 4404 2250 4470 dei
2293 4423 2498 4490 opera

1741 4510 1811 4574 in
1853 4515 1919 4572 te
1963 4507 2139 4574 facta
2181 4506 2572 4574 christicolis

1743 4613 2050 4681 nuntiasti
2091 4611 2444 4699 discipulis.

2861 1377 3003 1441 225

2861 1973 3000 2038 280

2865 2570 3002 2635 235

2868 3170 3006 3237 240

2863 3827 3007 3895 245
