3167 5242
381 271 523 344 ⁸¹7⁴

393 464 560 535 Flos
604 460 846 545 regalis
888 452 1257 539 virginalis,

487 566 674 633 chori
716 563 830 629 lux
874 558 1178 642 egregia,

399 689 596 757 quam
642 667 726 733 de
768 666 962 732 Jesse
1008 669 1216 727 ortam
1260 674 1414 723 esse

489 773 695 857 stirpe
738 773 995 837 constat
1036 763 1261 848 regia3

407 896 533 943 rex
583 883 650 939 te
694 870 891 937 talem
938 865 1026 932 ad
1069 863 1363 949 regalem

498 975 855 1044 introduxit
896 972 1243 1038 thalamum
1256 1016 1275 1052 ,

414 1084 541 1151 flos
584 1079 843 1147 decoris
889 1083 956 1141 et
999 1073 1219 1140 odoris

504 1181 942 1272 praecellentis
985 1177 1359 1245 balsamum.

421 1375 603 1447 Dans
647 1374 915 1440 odorem
957 1370 1289 1436 meliorem

512 1474 780 1566 myrrha
824 1482 892 1541 et
932 1480 1222 1540 aromate
1237 1518 1257 1555 ,

428 1584 771 1652 odoratum
812 1578 1022 1661 magis
1067 1582 1324 1659 gratum

519 1686 693 1753 omni
733 1683 1170 1767 thymiamate.

430 1810 647 1880 purga
691 1794 966 1853 mentem
1004 1783 1142 1870 jam
1188 1781 1520 1846 foetentem

524 1901 593 1960 et
636 1898 1006 1975 corruptam
1049 1886 1340 1991 graviter
1355 1932 1374 1969 ‚

434 1995 783 2082 resipiscat
823 2001 891 2060 et
923 1993 1064 2079 jam
1109 1990 1319 2056 discat

523 2103 827 2186 fragrare
870 2097 1174 2166 suaviter.

435 2250 669 2362 Foetor
709 2289 936 2375 gravis
951 2337 969 2372 ,
1014 2271 1130 2370 qui'
1165 2285 1250 2351 de
1292 2282 1520 2368 pravis

528 2394 853 2482 processit
884 2390 1244 2474 radicibus,

441 2501 512 2568 in
554 2497 825 2564 odorem
866 2495 1197 2560 meliorem

530 2598 745 2666 versis
788 2597 983 2665 cedat
1022 2594 1288 2661 vicibus.

445 2704 596 2772 fons
640 2702 1003 2781 hortorum,
1048 2699 1195 2780 riga
1235 2712 1483 2762 morum

539 2805 822 2871 calorem
868 2800 1182 2867 arentium
1197 2845 1217 2882 ,

445 2926 643 2980 Sacro
686 2924 838 2972 rore
881 2913 950 2971 et
993 2921 1213 2969 amore

537 3010 757 3078 divino
802 3007 1172 3077 carentium.

451 3216 636 3304 Rex,
682 3216 791 3303 qui
831 3217 1025 3301 vivit,
1071 3212 1441 3299 concupivit

541 3331 717 3388 tuam
760 3317 1326 3405 pulchritudinem,

455 3425 816 3511 gratiarum
860 3422 1023 3485 dans
1068 3437 1326 3486 suarum

546 3528 664 3593 tibi
705 3523 1201 3610 plenitudinem3

458 3631 641 3700 nulla
684 3636 885 3695 tantae
926 3635 1080 3713 post
1120 3645 1246 3692 nec
1290 3631 1441 3691 ante

549 3734 761 3802 laudis
805 3751 954 3800 esse
997 3731 1263 3815 meruit,

468 3839 624 3925 quia
664 3839 913 3905 fructus
957 3856 1041 3903 ex
1089 3844 1156 3903 te
1200 3835 1434 3902 ductus

555 3961 601 4009 a
640 3948 848 4008 morte
892 3958 1012 4010 nos
1054 3939 1237 4006 eruit.

468 4149 888 4221 Feminarum
920 4149 1123 4236 jubar
1166 4148 1441 4229 clarum,

557 4273 756 4323 sexus
799 4253 893 4320 tui
934 4253 1149 4338 gloria
1167 4300 1186 4338 ‚

472 4359 855 4447 genitricem
895 4365 1027 4424 tam
1068 4357 1326 4424 felicem

568 4480 758 4546 quam
799 4460 1004 4525 refert
1044 4458 1345 4541 historia,

468 4569 707 4630 venter
750 4564 935 4649 eujus
978 4564 1195 4631 mundi
1236 4562 1434 4649 hujus

561 4665 955 4732 salvatorem
997 4667 1254 4751 genuit,
1381 4677 1386 4684 “

1752 447 1929 531 regit
1970 444 2223 530 polum,
2264 457 2481 521 mare,
2524 436 2766 519 selum,
2936 433 3031 495 55

1840 563 2029 632 quem
2071 547 2138 612 in
2183 544 2364 611 cunis
2410 539 2626 642 tenuit.

1567 759 1653 824 2⁰
1759 770 2005 839 Sancta
2047 785 2315 855 parens,
2359 767 2509 832 labe
2553 781 2793 830 carens
2817 810 2840 846 ,

1848 874 2075 941 salutis
2120 890 2478 957 puerpera,

1764 979 1956 1046 stella
1997 977 2193 1042 maris
2209 1022 2228 1059 ,
2274 975 2356 1039 ab
2403 972 2643 1038 amaris
2722 1047 2733 1058 ⁸

1854 1081 2112 1149 casibus
2155 1098 2258 1143 me
2302 1078 2546 1159 libera,
2954 1074 3041 1138 60

1770 1205 1980 1254 sacrae
2023 1183 2175 1248 vitis
2218 1201 2348 1246 uva
2392 1178 2561 1243 mitis

1860 1288 1946 1355 da
1987 1295 2241 1373 potum,
2280 1304 2469 1368 quem
2512 1280 2659 1346 sitio
2674 1327 2692 1364 ‚

1583 1364 1667 1428 ²5
1772 1402 1846 1462 ut
1889 1392 2189 1458 affectum
2231 1403 2458 1471 geram
2502 1393 2753 1450 rectum

1860 1503 2178 1582 purgatus
2222 1512 2264 1558 a
2304 1491 2483 1556 vitio.

1778 1714 1975 1782 Fluat
2017 1713 2191 1777 stilla
2235 1709 2317 1775 de
2362 1707 2641 1775 mamilla
2967 1704 3051 1767 65

1867 1815 2179 1900 gloriosae
2215 1810 2494 1895 vir-ginis
2508 1856 2527 1893 ,

1595 1881 1678 1946 3⁰
1780 1919 2010 1988 fundat
2052 1935 2269 1982 rorem
2283 1964 2300 1997 ‚
2348 1914 2456 1997 qui
2501 1910 2810 1978 ardorem

1869 2024 2207 2106 extinguat
2251 2018 2533 2084 libidinis
2550 2063 2568 2099 ,

1787 2127 1896 2212 qui
1938 2146 2178 2193 arcana
2221 2142 2450 2209 pamm
2494 2137 2653 2184 sana

1872 2232 2102 2297 mentis
2145 2248 2310 2293 meae
2355 2226 2578 2292 foveat
2974 2216 3059 2282 ¹10

1787 2343 1887 2420 et,
1932 2333 2107 2420 quod
2152 2331 2364 2398 sordis
2408 2337 2511 2395 est
2552 2327 2620 2393 in
2663 2321 2905 2391 cordis

1876 2439 2165 2521 occulte,
2206 2440 2560 2502 removeat.

1602 2486 1688 2550 35

1792 2655 2010 2723 Mater
2053 2652 2191 2735 dei,
2237 2647 2454 2715 cordis
2496 2644 2624 2711 mei

1881 2759 2174 2825 dolorem
2219 2753 2562 2821 considera
2575 2799 2592 2833 ‚

1797 2881 1997 2930 voces
2041 2881 2218 2927 meas
2265 2875 2489 2943 quaeso
2530 2854 2740 2920 vehas
2981 2855 3069 2918 75
3160 2851 3161 2858 ’

1610 3001 1697 3070 40
1888 2966 1974 3034 ad
2018 2974 2352 3051 regentem
2398 2962 2613 3028 sidera
2628 3010 2648 3043 ,

1799 3071 2176 3154 interpella,
2221 3069 2328 3135 dei
2371 3068 2567 3147 cella,

1890 3192 2013 3260 pro
2035 3179 2160 3239 'me
2204 3181 2380 3239 tuum
2424 3170 2624 3235 filium

1806 3289 1874 3346 et
1916 3279 2190 3364 dignare
2232 3293 2379 3343 meo
2426 3276 2585 3341 dare

1895 3383 2108 3450 dolori
2153 3382 2502 3449 eonsilium.
2984 3373 3073 3439 80

1620 3623 1705 3688 45
1809 3601 2208 3669 Delictorum
2250 3598 2646 3662 funestorum

1898 3707 1967 3771 in
2009 3702 2398 3790 profundum
2439 3701 2655 3768 corrui
2672 3746 2690 3782 ,

1810 3811 2044 3876 vivens
2088 3808 2284 3891 male,
2330 3804 2660 3872 criminale

1905 3912 2081 3999 quod
2123 3932 2447 3996 nunquam
2492 3909 2805 3978 abhorrui
2819 3956 2840 3991 ,

1818 4027 1888 4087 et
1927 4020 2240 4084 malorum
2284 4017 2395 4101 qui
2436 4021 2759 4082 tantorum
2996 4012 3083 4078 85

1905 4139 2171 4208 pressus
2214 4121 2386 4186 mole
2420 4118 2620 4204 jaceo
2638 4165 2658 4203 ,
3160 4107 3161 4120 ¹

1632 4244 1718 4313 50
1821 4225 2015 4310 hujus
2057 4224 2156 4288 rei
2199 4242 2397 4289 causa
2441 4220 2549 4286 dei

1909 4337 2201 4397 sanctum
2244 4346 2479 4394 nomen
2522 4334 2731 4392 taceo·

1828 4551 2077 4636 Dignus
2113 4569 2344 4636 parum
2387 4551 2473 4616 ob
2514 4564 2805 4614 mearum

1917 4652 2202 4720 sordium
2244 4650 2651 4737 congeriem,
3004 4648 3087 4714 90
3160 4685 3161 4690 κ
