3167 5242
372 250 503 320 1¹34

372 435 547 519 Tibi,
594 437 785 519 virgo
831 440 1174 518 coronata,

372 540 614 623 gaudia
657 541 785 604 sint
825 545 1223 623 praesentata

457 642 603 709 haee
649 661 772 727 pro
817 640 1008 706 saluti
1053 641 1303 724 famuli,

335 894 349 914 „
372 807 459 882 Et
502 813 602 888 tu,
649 804 841 869 stella
884 809 1301 890 consecrata,

375 910 531 977 mihi
574 909 733 974 felix
776 907 1103 974 advocata

462 1013 555 1077 sis
596 1013 664 1076 in
710 1018 1066 1095 conspectu
1109 1009 1257 1076 filii:

1727 429 1847 509 Qui
1890 451 2012 514 Per
2057 437 2123 500 te
2166 433 2274 520 pie
2321 432 2618 516 placatus
2899 433 2987 504 55

1532 536 1626 608 5ss
1726 534 1944 599 deleat
1986 553 2167 604 meos
2212 543 2430 604 reatus

1815 644 1882 701 et
1925 638 2007 701 sit
2052 636 2205 701 mihi
2247 639 2603 726 propitius,

1726 799 1816 868 Ut
1859 822 1900 865 a
1943 802 2155 885 poenis
2199 802 2511 868 liberatus

1725 925 1851 991 per
1892 904 2067 976 huns
2110 907 2229 974 sim
2272 905 2705 989 glorificatus,

1835 1008 1945 1091 qui
1989 1015 2089 1072 est
2136 1017 2396 1073 creator
2440 1009 2720 1092 spiritus
2898 1008 2981 1073 60

554 1197 649 1253 Rs.
687 1194 788 1249 der
826 1195 1153 1250 Bibliothek
1186 1210 1301 1250 von
1336 1195 1521 1252 Brera
1554 1212 1625 1249 zu
1659 1191 1935 1268 Hailand,
1971 1193 2086 1254 AD.
2123 1192 2213 1248 lx.
2248 1193 2333 1245 43.
2367 1206 2473 1250 aus
2510 1191 2634 1256 dem
2675 1194 2743 1245 15
2780 1192 2983 1268 Jahrb.

551 1322 586 1374 6
635 1318 920 1390 parendo,
974 1318 1070 1373 Hs.
1180 1319 1215 1372 9
1262 1315 1358 1372 fiir
1393 1315 1585 1373 fausta
1635 1317 1713 1374 ist
1757 1316 1879 1373 wol
1925 1333 1995 1371 zu
2030 1319 2222 1371 setzen
2261 1314 2428 1371 dono.
2536 1314 2608 1369 28
2645 1312 2838 1370 cadet.
2889 1314 2985 1369 Hs.

375 1413 450 1465 29
484 1407 790 1480 proecedet‚
828 1407 924 1462 Hs.
993 1407 1066 1462 30
1101 1423 1317 1475 numen,
1347 1406 1443 1462 Hs.

550 1531 620 1587 V.
656 1531 907 1584 lto—42.
963 1526 1199 1584 δύνασαι
1247 1527 1325 1592 ὥς
1374 1525 1573 1602 ἀγαθὴ
1622 1526 1753 1592 τοὺς
1801 1525 2011 1590 πάντας
2065 1524 2271 1595 σώζειν,
2320 1523 2399 1590 ὥς
2433 1517 2577 1582 οὖσα
2610 1523 2786 1601 μήτηρ
2825 1524 2989 1594 θεοῦ,

378 1626 499 1681 ταῖς
534 1625 817 1692 μητρυιαῖς
853 1636 956 1674 σου
990 1616 1308 1694 πρεσβείαις
1345 1612 1429 1674 ἀεὶ
1462 1619 1731 1696 χρωμένη.
1779 1616 2008 1680 Oetaech.
2043 1615 2129 1680 94.

551 1703 621 1760 V.
639 1707 723 1759 45.
760 1699 1002 1759 trinitati
1020 1703 1302 1776 contigua.
1329 1703 1556 1773 πλησίον
1576 1697 1722 1758 θεοῦ
1737 1708 2142 1775 χρηματίσασα.
2176 1703 2401 1758 06108σή.
2420 1702 2507 1755 65.
2536 1699 2639 1756 No.
2656 1701 2781 1770 461,
2804 1702 2888 1755 16.
2905 1704 2990 1756 17.

552 1791 621 1848 V.
656 1794 742 1845 53.
799 1790 1107 1859 advocata,
1157 1791 1248 1844 ein
1283 1787 1542 1862 haufiger
1577 1790 1908 1860 Beinamen,
1956 1791 2100 1845 auch
2136 1790 2230 1845 bei
2266 1790 2373 1844 den
2408 1789 2696 1845 Grieeheu.
2767 1787 2841 1844 σύ
2880 1787 2992 1845 τῶν

383 1880 736 1952 λυπουμένων
769 1876 803 1950 ἡ
840 1876 1194 1954 παράκλησις.
1240 1879 1384 1938 Pau.
1418 1880 1506 1934 54.

1178 2196 1354 2274 463.
1428 2194 1712 2290 Gaudia
1753 2194 1823 2268 b.
1873 2197 2193 2296 virginis,

385 2435 615 2508 Gaude
656 2437 879 2518 virgo,
922 2436 1069 2504 dieo
1115 2435 1429 2520 gaudens,

386 2537 468 2600 de
512 2538 741 2602 favore
788 2547 898 2602 tuo
949 2536 1230 2621 audenS,

384 2640 539 2706 laeto
585 2640 785 2705 corde
830 2649 944 2706 tua
985 2641 1304 2725 plaudens

471 2743 720 2825 replico
765 2761 936 2806 nune
980 2742 1237 2827 gaudia.

387 2904 619 2970 Gaude
663 2907 887 2990 virg0,
932 2915 1139 2973 mater
1183 2908 1458 2995 Christi,
1593 2913 1632 2975 5

386 3012 657 3073 verbum
704 3011 911 3075 verbo
957 3013 1345 3097 concepisti,

387 3113 537 3178 dum
586 3118 667 3179 ab
715 3116 951 3198 angelo
998 3116 1263 3183 audisti:

474 3243 599 3288 ave
642 3223 840 3308 plena
883 3225 1128 3308 gratia!

388 3388 648 3472 Gaude,
695 3390 833 3452 sine
879 3398 1072 3474 partu
1116 3391 1289 3455 tristi

385 3492 577 3573 virgo
623 3500 877 3573 partum
914 3492 1200 3576 edidisti,
1556 3496 1637 3557 10

387 3595 580 3658 immo
624 3595 916 3676 gaudens
961 3597 1290 3680 protulisti

470 3699 724 3784 prolem
767 3709 974 3770 mater
1018 3702 1173 3772 filia.

391 3861 651 3944 Gaude,
695 3865 868 3946 magi
912 3865 1362 3949 procidentes,

388 3974 564 4031 tuum
608 3976 825 4033 natum
873 3978 1342 4055 agnoscentes,

389 4068 578 4134 deum
622 4092 847 4155 regem
886 4074 1276 4159 ,profitentes
1550 4077 1638 4150 ,1.5.

472 4176 600 4240 tria
640 4176 857 4244 ferunt
899 4198 1184 4254 munera.

388 4337 645 4422 Gaude,
691 4347 942 4425 natum,
991 4361 1180 4426 quem
1222 4341 1512 4425 lactasti,

388 4440 560 4508 huno
600 4444 671 4508 in
714 4445 1021 4529 templum
1066 4447 1484 4531 praesentasti

387 4551 456 4607 et
500 4553 567 4608 te
611 4548 801 4631 virgo
847 4551 1128 4634 expiasti

475 4648 841 4731 patientum
883 4653 1114 4724 hostia„
1550 4655 1640 4719 ,20

1739 2435 1997 2518 Gaude,
2046 2436 2193 2517 quia
2238 2443 2383 2508 tuus
2426 2443 2646 2516 natue,

1738 2541 1803 2605 in
1848 2547 2118 2604 mortem
2161 2558 2285 2624 pro
2331 2541 2516 2604 nobis
2562 2539 2784 2623 datus»,

1740 2650 1804 2707 te
1848 2642 2110 2705 vidente
2147 2640 2524 2725 tumulatuS,

1825 2745 2033 2827 surgit
2078 2764 2220 2808 oum
2264 2745 2559 2808 victoria.

1741 2910 1965 2975 Gaude
2010 2910 2272 2974 limbum
2316 2908 2782 2993 destruentem,
2903 2911 2988 2974 25

1737 3014 1887 3079 inde
1924 3014 2139 3098 justos
2186 3021 2552 3095 eruentem,

1740 3117 2062 3183 Christum
2103 3117 2285 3180 vides
2329 3114 2902 3181 transcendentem

1828 3221 2029 3288 ooelos
2068 3242 2152 3286 ex
2194 3221 2262 3284 vi
2297 3222 2584 3305 propria.

1742 3387 2002 3469 Gaude,
2049 3405 2191 3450 cum
2235 3388 2302 3450 in
2345 3388 2498 3468 igne
2542 3385 2712 3450 misit

1739 3510 2018 3576 pneuma
2063 3509 2348 3573 sacrum,
2393 3497 2465 3554 ut
2507 3489 2804 3574 promisit
2905 3489 2994 3552 30

1744 3592 2038 3657 christus
2085 3594 2270 3674 suiS,·
2295 3609 2436 3656 oum
2481 3591 2721 3655 inmisit

1829 3697 1945 3760 tibi
1987 3696 2115 3760 hoo
2157 3697 2223 3762 in
2265 3696 2478 3778 eopia.

1631 3905 1638 3912 -
1743 3859 2000 3943 Gaude,
2047 3856 2341 3922 Christus
2390 3877 2532 3922 cum
2575 3856 2830 3920 levavit

1740 3971 1807 4029 te
1850 3964 1918 4026 in
1963 3981 2158 4026 carue
2204 3967 2272 4024 et
2315 3960 2559 4025 locavit

1742 4090 1942 4155 supra
1985 4078 2194 4156 astra,
2242 4068 2532 4158 obviavit
2913 4065 2998 4128 35

1827 4179 1969 4235 tota
2013 4170 2161 4235 eoeli
2207 4170 2403 4236 curia.

1743 4333 1970 4400 Gaude
2016 4335 2208 4415 virgo
2253 4330 2636 4415 singulariS,

1742 4445 1814 4503 ut
1857 4457 1998 4523 prae
2045 4437 2290 4501 cunctis
2338 4432 2733 4516 sublimaris,

1744 4543 1839 4609 sio
1887 4550 1955 4606 et
1998 4540 2193 4624 digne
2238 4540 2385 4625 plus
2428 4537 2717 4606 laudaris

1828 4645 1896 4710 in
1941 4644 2192 4718 coelesti
2233 4642 2469 4732 gloria.
2913 4635 2997 4700 40
