3167 5242
2650 259 2778 330 881

947 695 952 700 ·
1072 652 1244 731 569.
1303 652 1427 728 Ad
1470 649 1544 727 b.
1586 655 1909 727 Mariam.

163 893 329 964 Lux
370 900 768 976 sanctorum,
811 910 965 977 spes
1009 894 1374 978 lapsorum,

262 997 461 1080 virgo
502 1003 710 1060 mater
759 994 1024 1074 domini,

168 1115 305 1185 per
349 1120 543 1183 quam
587 1100 722 1165 vita
766 1100 1065 1165 restituta

263 1201 618 1289 perhennis
664 1208 767 1267 est
810 1201 1080 1284 homini,

171 1389 632 1460 'fremebundo
677 1388 878 1456 eorde
921 1387 1122 1455 fundo

265 1514 505 1581 preces
550 1493 637 1558 ad
681 1501 775 1577 te,
819 1492 1114 1572 domina,

169 1618 451 1682 namque
496 1598 712 1682 gravi,
763 1616 954 1680 quam
997 1596 1263 1680 paravi,

263 1701 459 1768 valde
501 1718 763 1786 premor
806 1697 1079 1766 sarcina.

172 1890 382 1959 Solve
425 1891 627 1956 moles
640 1938 658 1973 ,
703 1890 870 1955 siout
912 1889 1085 1954 soles
1101 1937 1121 1973 ‚

265 1996 496 2080 quibus
539 2012 808 2080 pressus
845 1992 1046 2078 jaceo

24 2113 50 2175 'm
173 2108 247 2167 et
289 2119 560 2182 excusa,
609 2097 781 2183 quod
826 2099 1095 2164 confusa

262 2209 476 2269 mente
521 2202 761 2268 factum
805 2200 1018 2267 doleo.

24 2345 42 2389 ι
167 2391 376 2462 Dolor
418 2393 651 2477 ingens
695 2412 798 2457 me
845 2391 1298 2476 constringens

263 2496 682 2562 vehementer
725 2496 1003 2579 cruciat,

173 2600 390 2687 oulpae
435 2600 630 2696 telum
673 2617 790 2665 eor
833 2598 1133 2666 anhelum

262 2704 575 2789 siqnidem
618 2703 899 2769 dilaniat.
1075 2713 1082 2722 ‘

171 2891 488 2977 Princeps
530 2891 757 2958 mortis
798 2911 903 2956 me
946 2891 1200 2958 intortis

261 2997 576 3080 inquietat
609 2995 880 3081 jaculis,

173 3109 249 3169 tu
288 3100 552 3180 resiste,
596 3118 680 3163 ne
723 3113 827 3162 me
860 3098 986 3163 iste

262 3203 394 3269 suis
437 3204 599 3287 liget
641 3201 929 3268 vinculis.

26 2966 50 3013 ΓΞ,

1385 1389 1424 1450 5

1343 1994 1424 2059 10

1338 2599 1420 2662 15

1330 3203 1416 3267 20

26 3381 39 3424 ²
170 3393 361 3466 Dona
401 3413 631 3480 paoem
644 3442 662 3477 ,
705 3414 828 3480 per
870 3412 1063 3478 quam
1105 3411 1334 3459 vacem

261 3496 493 3562 divinis
539 3496 895 3581 ohsequii8‚

27 3639 86 3703 ff
171 3621 260 3670 ne
300 3621 423 3687 per
467 3619 658 3667 ouras
701 3602 1026 3685 perituras

261 3705 436 3770 veris
477 3705 702 3790 priver
745 3702 1017 3788 gaudiis.
1111 3749 1117 3756 ·

1535 892 1714 961 Reos
1751 892 2011 960 munda·
2036 901 2104 959 et
2147 896 2474 964 circumda

1622 1015 1743 1062 nos
1790 1004 1902 1062 tuo
1947 997 2285 1083 praesidio,

1532 1099 1640 1167 fac
1687 1118 1954 1166 securos
1998 1119 2117 1165 nos
2164 1110 2231 1166 et
2270 1123 2472 1189 puros

1545 1271 1548 1274 ,
1621 1207 1703 1270 ab
1750 1203 1922 1270 omni
1966 1206 2288 1289 contagio.

2696 1004 2781 1068 39

1529 1395 1830 1464 Liberari
1874 1405 1941 1463 et
1984 1399 2227 1464 salvari

1617 1519 1738 1567 nos
1782 1522 1905 1587 per
1948 1510 2013 1568 te
2058 1502 2436 1569 confidimns
2459 1551 2477 1584 ,

1532 1625 1720 1689 quam
1767 1606 2145 1673 clementem
2189 1615 2258 1673 et
2297 1615 2629 1694 potentem
2692 1608 2779 1671 -35

1618 1727 1818 1795 super
1861 1729 2085 1775 omnes
2126 1712 2437 1777 novimus,

1525 1895 1674 1963 Rex
1716 1898 2033 1983 henigne,
2076 1900 2187 1965 fao
2228 1919 2331 1965 me
2377 1900 2574 1984 digne

1614 2010 1791 2068 tuam
1831 2011 2118 2069 matrem·
2145 2004 2398 2088 colere,

1529 2122 1677 2189 quae
1717 2105 2007 2190 portavit
2051 2113 2118 2171 et
2161 2106 2430 2172 laetavit

1613 2213 1680 2272 te
1723 2214 1983 2273 sacrato
2026 2208 2244 2273 ubere.
2686 2206 2775 2274 40

1523 2392 1626 2461 Da
1667 2395 1999 2477 virtutem,
2042 2402 2115 2461 nt
2159 2395 2434 2460 refutem

1610 2514 1863 2563 omnem
1904 2497 2362 2564 immunditiam
2377 2547 2394 2582 ,

1521 2600 1631 2668 fae
1673 2622 1776 2668 me
1820 2603 2035 2668 mitem
2052 2651 2069 2685 ,
2112 2611 2184 2669 ut
2230 2601 2511 2668 devitem

1610 2705 1821 2772 zelum
1852 2712 1931 2771 'et
1974 2707 2362 2793 superbiam.

1521 2894 1955 2964 Honestor‘um
1998 2905 2245 2983 praesta
2287 2915 2536 2964 morum
2681 2899 2769 2964 45

1608 3000 1765 3065 mihi
1808 3000 2196 3083 elegantiam
2209 3049 2228 3085 ‚

1519 3104 1696 3188 pelle
1742 3102 1957 3169 dolum
1976 3151 1994 3186 ,
2040 3113 2112 3170 ut
2153 3112 2221 3169 te
2264 3106 2471 3171 solum

1606 3225 1775 3292 pura
1819 3214 2030 3271 mente
2075 3207 2344 3291 capiam.

1520 3394 1689 3462 Jesn
1731 3398 1935 3478 bone,
1983 3395 2079 3461 sie
2122 3393 2396 3480 dispone

1608 3500 1836 3565 horam
1878 3500 2004 3565 mei
2048 3500 2289 3582 exitus,

1521 3612 1595 3672 nt
1636 3604 1722 3670 ad
1767 3605 2035 3670 chorum
2079 3603 2434 3669 electorum

1607 3727 1789 3775 mens
1834 3715 2072 3793 pergat
2114 3709 2394 3795 spiritua

36 3861 90 3919 ψ
169 3892 298 3977 Da,
351 3893 526 3977 quod
568 3902 825 3979 gratnm
869 3893 1241 3962 famulatum
1327 3898 1414 3961 25
1518 3896 1717 3964 Pater
1760 3896 1921 3962 dens
1966 3895 2059 3962 fili
2105 3895 2265 3961 deus

258 3996 523 4063 reddam
576 3997 722 4082 regi
765 3993 997 4080 gloriae

171 4107 246 4169 et
281 4101 484 4185 ipsius
527 4120 711 4168 amor
754 4104 901 4187 pius
1034 4119 1040 4126 ·

27 4187 50 4231 ¹²
259 4225 421 4273 meae
464 4208 593 4273 sint
637 4207 906 4274 deliciae.

28 4387 102 4469 μ

1399 4184 1403 4188 .
1515 4105 1582 4170 in
1627 4113 1874 4170 aeterna
1918 4122 2041 4170 nos
2083 4105 2379 4188 guberna

1598 4001 1869 4086 spiritns
1915 3998 2076 4068 deus
2119 4000 2400 4081 trinitas,
2554 4067 2567 4080 „

2676 4101 2759 4165 55

1605 4205 1766 4273 deus
1811 4224 1973 4284 unus
2019 4207 2249 4271 unitas.

347 4407 443 4463 ns.
481 4408 583 4465 der
618 4409 1131 4467 ambrosinianum
1165 4411 1490 4468 Bibnothek
1525 4429 1597 4467 zu
1628 4410 1875 4469 uanam
1910 4410 1984 4481 Ρ,
2020 4411 2106 4465 13.
2143 4408 2243 4465 ‹10-
2279 4410 2349 4463 15
2382 4374 2585 4463 σωκ
2629 4405 2762 4479 (Α).

66 4491 102 4541 b*
172 4493 270 4554 ns.
316 4495 414 4551 der
451 4497 777 4554 Bibliothek
812 4498 993 4554 Brera
1037 4498 1097 4554 in
1129 4498 1373 4555 nanand
1419 4500 1532 4556 AD.
1569 4501 1662 4557 IX.
1695 4503 1784 4556 43.
1833 4499 1931 4555 den
1969 4501 2037 4554 15
2073 4496 2270 4555 Jahrb.
2303 4496 2443 4567 (Β),
2504 4494 2593 4552 bin
2633 4489 2781 4549 zum·

173 4581 243 4638 V.
276 4584 343 4682 {6
362 4624 377 4655 ,
462 4584 610 4642 dann
655 4581 811 4658 folgt
862 4585 955 4642 ein
1006 4601 1154 4658 ganz
1205 4585 1449 4644 anderer
1499 4586 1643 4646 Text
1692 4587 1782 4646 als
1837 4587 1927 4644 ein
1980 4584 2143 4644 Thon
2179 4583 2276 4641 des
2324 4583 2483 4643 Omni
2534 4582 2625 4641 die
2672 4580 2763 4637 die

164 4667 376 4732 Μαι-ιω.
