3167 5242
237 499 374 565 Nos
416 498 613 582 culpis
656 495 893 570 solutos

238 621 500 687 semper
542 601 648 667 fae
691 610 760 666 et
802 608 976 670 tutos
989 643 1008 682 ,

236 703 373 770 fide
392 753 410 788 ,
456 723 606 789 spe,
649 703 927 769 imbutos
946 749 964 784 ,

254 819 261 828 ·
327 807 664 873 caritatem
707 803 815 871 das

237 913 447 998 culpis
484 930 613 978 non
655 909 957 977 fraudata
971 958 989 993 ,

238 1015 471 1080 summi
510 1014 690 1097 regis
732 1020 918 1095 nata,

242 1125 449 1184 mater
490 1117 766 1199 illibata,

333 1229 400 1286 tu
442 1238 565 1304 pro
605 1221 792 1285 nobis
837 1227 956 1285 sta.

242 1324 489 1389 solutos
531 1324 820 1409 peccatis

244 1427 352 1492 fae
393 1443 514 1492 nos
558 1427 832 1512 pulchra
876 1425 1063 1508 satis,

244 1529 397 1595 aula
432 1529 733 1594 trinitatis
838 1557 847 1566 ·

333 1631 509 1696 nulla
554 1631 764 1716 major
812 1649 956 1714 qua.

240 1800 428 1878 Miles
471 1803 529 1866 te
572 1798 887 1877 videbunt,

246 1906 357 1989 qui
400 1921 529 1967 non
572 1903 721 1986 plus
752 1902 1107 1988 dolebunt,

242 2008 366 2074 tibi
412 2006 866 2087 adhaerebunt,

336 2127 377 2175 o
422 2109 669 2175 aestatis
713 2109 868 2172 ver!

247 2214 358 2280 fae
403 2220 468 2277 et
513 2231 632 2278 nos
679 2219 895 2276 astare

257 2318 499 2383 sanetis
539 2325 608 2381 et
650 2315 918 2381 laudare

250 2430 463 2487 tecum
500 2417 786 2500 Christe,
834 2436 1034 2500 quare

336 2531 598 2589 sanctus
647 2537 812 2589 cano
856 2528 976 2586 ter.

252 2637 469 2695 castos
514 2627 641 2693 due
683 2628 750 2690 in
794 2625 1063 2691 chorum

254 2733 434 2815 regis
479 2731 890 2814 angelorum,

249 2844 459 2901 mater
505 2834 970 2918 orphanorum,

270 2963 279 2978 ·
344 2957 533 3022 opem
578 2939 765 3004 nobis
808 2938 928 3001 fer.

268 3105 470 3172 Vitam
502 3107 739 3187 praesta
770 3118 1035 3188 puram,

256 3208 464 3274 nostri
506 3226 668 3289 gere
714 3224 933 3271 curam
951 3253 971 3288 ,

248 3312 429 3377 viam
464 3330 584 3394 per
621 3327 917 3374 securam

339 3414 468 3480 due
508 3432 631 3480 nos
675 3414 822 3482 eoeli
866 3431 1052 3500 pons.

257 3527 533 3604 praesta,
574 3519 747 3600 quod
793 3526 1118 3603 optamus,

258 3632 481 3687 tecum*
516 3629 588 3685 ut
629 3622 922 3701 vivamus
938 3670 956 3703 ,

254 3725 344 3790 ad
378 3734 463 3788 ‘te
500 3721 1007 3788 conscendamus
1027 3772 1045 3807 ,

347 3846 386 3893 o
430 3829 736 3893 virtutum
779 3821 993 3891 mons!

257 3953 484 4020 puram
529 3940 596 3996 et
638 3930 1023 4016 profundam

259 4038 615 4124 gratiarum
657 4034 929 4117 undam,

263 4142 569 4210 cordibus
614 4138 989 4219 fecundam,

346 4243 545 4310 funde
589 4245 744 4309 vitae
789 4243 952 4308 fons.

263 4400 391 4466 Iter
431 4415 599 4484 para
638 4406 858 4479 etatum,

266 4509 510 4566 sontum
554 4502 639 4566 da
681 4503 1020 4585 virtut-nm,

261 4624 411 4669 nam
455 4614 679 4671 contra
721 4614 1057 4671 versutum

352 4708 612 4792 grandis
655 4711 851 4777 instat
895 4712 1007 4777 lis:

1360 795 1491 863 220

1365 1319 1493 1383 225

1364 1898 1493 1963 230

1369 2415 1494 2479 235

1374 2931 1505 2995 24⁰

1374 3516 1501 3582 245

1290 3983 1505 4102 '250

1310 4607 1507 4714 s255

1596 509 1760 575 para
1806 488 2222 554 defensamen
2236 537 2253 571 ‚

1593 592 1820 660 eonser
1864 591 2280 677 adjuvamen,
2335 635 2342 644 ·

1594 695 1800 762 hostis
1843 715 1928 761 ne
1972 694 2351 774 fraudamen

1680 800 1902 866 vineat
1941 818 2064 868 nos
2108 807 2222 868 aut
2261 800 2400 882 ¹5⁸5
2433 871 2442 876 ,

1597 909 1802 968 tutum
1847 910 1914 965 et
1956 904 2218 976 beatum

1598 1014 1670 1072 ut
1716 1012 2051 1090 captemus
2097 1012 2334 1074 statum

1596 1117 1751 1195 post
1792 1109 1964 1175 hune
2005 1109 2386 1190 incolatum,

1683 1222 1754 1279 tu
1795 1229 1918 1297 pro
1964 1211 2150 1279 nobis
2197 1213 2308 1290 sia.

1605 1375 1659 1446 U
1658 1382 1683 1443 t
1714 1377 1987 1444 videntes
2024 1376 2244 1444 lesum
2258 1422 2275 1455 ‚

1596 1498 1921 1562 nunquam
1965 1478 2157 1564 culpa
2195 1480 2455 1564 laesum,
2589 1543 2592 1546 ,
2675 1541 2678 1550 .

1599 1583 1718 1648 sed
1762 1600 1884 1667 pro
1931 1583 2118 1648 nobis
2164 1600 2434 1667 caesum,
2527 1655 2534 1664 ,

1689 1685 1881 1752 cedat
1923 1687 2147 1751 mortis
2189 1705 2343 1752 nox.
2439 1713 2446 1720 ⁵

1599 1791 2024 1874 videntesque
2068 1791 2207 1874 pia,

1599 1904 1667 1962 te
1712 1895 1904 1977 virgo
1948 1894 2190 1977 Maria,

1600 1997 1812 2065 laudis
1855 1995 2144 2076 melodia

1689 2108 1913 2164 nostra
1958 2107 2143 2163 sonet
2186 2117 2358 2182 vox,

1602 2200 1960 2284 Jesnmque
2005 2199 2343 2284 laudantes

1605 2305 1879 2387 angelos
1923 2309 2243 2392 astantes,

1605 2427 1725 2478 nos
1771 2407 2290 2492 considerantes,

1685 2514 2248 2600 jubilemus-mox.

1604 2681 1866 2761 Semper
1912 2677 2283 2745 collaetemur

1606 2790 1672 2848 et
1718 2782 2226 2865 congloriemur,
2315 2809 2324 2816 ·

1605 2893 1846 2957 sanctis
1892 2909 2392 2977 commoremur,

1694 2994 1988 3060 Christus
2034 2999 2188 3062 beat
2233 3015 2427 3080 quos:

1608 3100 2006 3166 collaetemur
2050 3102 2194 3183 tibi,

1609 3206 1965 3290 gratiemur
2010 3206 2133 3271 sibi
2257 3271 2266 3280 ‚

1609 3325 1869 3391 semper
1912 3306 2018 3371 hio
2062 3315 2129 3370 et
2173 3306 2292 3386 ibi,

1698 3411 1806 3496 qui
1851 3409 2128 3478 redemit
2169 3428 2322 3478 nos..

1606 3535 1832 3598 amen,
1874 3533 2091 3596 amen,
2139 3520 2275 3579 toto

1591 3619 1835 3702 ‘col-de,
1877 3637 2078 3700 voce,
2123 3624 2310 3700 voto,

1567 3753 1572 3758 ·
1610 3724 1819 3789 animo
1866 3722 2104 3786 devoto
2273 3729 2280 3740 “
2333 3727 2340 3732 ’

1646 3837 1656 3850 '
1697 3847 1883 3892 omne
1931 3836 2121 3894 canet
2166 3845 2258 3892 os.

1610 3987 1710 4051 Sit
1747 3985 1888 4051 laus
1932 3987 2043 4051 deo
2087 3990 2285 4068 patri,

1611 4087 1873 4156 Christo
1919 4098 2142 4155 nostro
2189 4089 2377 4155 fratri
2431 4102 2438 4108 ’
2479 4099 2484 4104 “

1613 4189 1810 4259 decus
1858 4195 1941 4258 sit
1985 4202 2051 4258 et
2095 4194 2312 4274 matri,

1699 4315 1958 4379 semper
2002 4294 2197 4360 laudo
2244 4314 2451 4378 quam.

1611 4399 1754 4465 laus
1800 4402 1884 4463 sit
1926 4395 2276 4479 Nazaraeo‚

1612 4502 1819 4569 Jhesu
1866 4501 1990 4567 deo
2038 4519 2213 4584 meo,

1614 4608 1724 4691 qui
1768 4624 1885 4670 nos
1933 4605 2015 4670 de
2062 4604 2252 4669 alveo

1574 4792 1581 4800 ι
1704 4712 1880 4780 ducit
1920 4710 2028 4795 pie
2075 4717 2223 4775 tam.

2713 767 2842 866 266

2718 1376 2846 1444 265

2693 1919 2700 1926 ·
2718 1851 2852 1970 2⁷0}

2723 2373 2858 2492 2753,

2657 2955 2851 3066 ῐ’.180

2725 3515 2862 3582 28Ε1

2729 4088 2857 4154 290

2734 4607 2861 4674 295
