3167 5242
218 446 542 517 Thronum
586 445 882 514 Christus
923 445 1128 513 edidit

213 549 418 633 hunc,
463 549 575 634 qui
617 558 851 616 cuncta
892 548 1181 616 subdidit

214 670 422 737 seque
464 650 582 717 tibi
625 649 854 716 indidit

303 773 427 841 pro
469 754 709 838 insigni
752 753 943 821 dono.

217 858 339 926 Hic
383 860 451 924 in
492 857 732 924 throno
772 856 1008 941 gloriae

213 977 357 1027 suae
400 968 531 1026 tam
566 959 822 1024 eximite

214 1071 287 1131 te
331 1063 590 1128 virtutis
624 1063 881 1128 numine

305 1167 468 1233 mire
508 1166 925 1251 praeparavit.

215 1273 420 1356 Regis
463 1280 535 1336 ut
577 1269 988 1337 authenticus

215 1373 586 1442 Salomonis
628 1377 892 1460 typicus

215 1482 371 1547 olim
415 1480 684 1545 thronus
718 1478 1031 1562 mysticus

303 1583 578 1670 pulchre
616 1581 957 1665 figuravit,

220 1688 397 1773 Opus
439 1684 724 1770 grande,
766 1683 1075 1767 solidum,

216 1793 384 1859 ebur
423 1790 625 1873 forte,
671 1786 1045 1872 candidum,

216 1912 305 1959 ex
348 1899 580 1957 natura
623 1889 910 1974 algidum

307 1995 436 2061 hoc
479 1993 872 2076 materiavit3

217 2099 473 2184 Nempe
518 2097 692 2182 quod
737 2095 1063 2183 efficiens,

219 2202 527 2269 redimire
571 2202 896 2286 gestiens,

216 2322 380 2374 auro
423 2303 605 2369 fulvo
648 2303 935 2368 vestiens

305 2407 492 2473 nimis
535 2407 923 2473 venustavit.

223 2510 427 2593 Uirgo
469 2507 741 2594 praefert
782 2525 1063 2593 corpore

217 2612 628 2697 designatum
671 2615 872 2680 ebore
889 2661 909 2694 ,

216 2725 454 2786 cuncto
501 2717 841 2802 pulchrum
885 2725 1208 2803 tempore,

307 2820 533 2886 florem
579 2821 936 2887 castitatis:

219 2925 335 2991 Sic
375 2924 609 2990 Mariae
652 2924 916 3009 spiritus

220 3028 574 3115 praefulget
625 3026 930 3092 divinitus
944 3075 964 3111 ,

223 3149 387 3199 auro
430 3130 612 3199 fulvo
654 3130 968 3216 praeditus

313 3251 577 3299 summae
621 3233 926 3299 caritatis.

224 3421 311 3492 ln
353 3423 528 3489 hunc
569 3423 869 3491 thronum
912 3424 1150 3491 talibus

223 3542 349 3592 sex
392 3528 699 3594 virtutum
741 3527 1055 3612 gradibus

222 3625 529 3697 Christus
574 3630 827 3696 scandit
867 3633 1170 3715 passibus

314 3741 493 3800 motu
535 3732 867 3817 singulari,

223 3838 338 3905 Sic
380 3837 487 3904 hic
529 3837 775 3922 gradus
819 3834 1075 3904 infimus
1092 3883 1113 3923 ,

225 3955 360 4006 non
403 3939 661 4005 virtutis
702 3937 1023 4023 minimus,

228 4039 406 4126 quod
448 4039 726 4106 Mariam
769 4041 1044 4125 legimus

314 4141 603 4208 clausam
646 4142 933 4208 salutari.

227 4246 470 4321 mut-bat
508 4244 851 4331 pudicitia,

223 4350 472 4434 cogitat
519 4348 894 4435 prudentia,

219 4452 382 4522 fidei
426 4454 787 4520 constantia

309 4554 569 4622 modum
609 4554 954 4641 inquisivit.

222 4660 440 4746 „Ecce
452 4705 473 4745 ,
514 4659 719 4744 inquit
759 4657 999 4728 flamini
1016 4707 1039 4745 ,

1383 650 1464 714 16

1380 1168 1464 1234 20

1380 1685 1464 1748 25

1381 2200 1466 2265 30

1380 2717 1467 2783 35

1381 3229 1468 3297 40

1385 3837 1472 3905 45

1568 465 1711 512 sum
1755 444 1988 513 ancilla
2025 445 2263 516 domini
2280 443 2339 528 ,“

1568 548 1790 615 dicens
1838 544 2031 634 „fiat“
2080 551 2321 620 numini

1654 654 1815 721 felix
1859 655 2165 722 obedivit.

1571 842 1700 909 Per
1742 843 1864 908 hos
1902 843 2149 928 gradus
2193 844 2486 914 dominus
2524 897 2531 900 -

1569 945 1870 1012 thronum
1913 945 2111 1011 intrat
2154 948 2471 1031 eominus,

1569 1048 1637 1114 in
1683 1065 1810 1130 quo
1854 1048 2301 1116 nichilominus

1657 1153 1980 1219 mensibus
2026 1156 2295 1220 novenis

1574 1258 1655 1325 In
1701 1257 1889 1323 sedili
1931 1275 2133 1325 aureo

1567 1360 1737 1426 sedit
1781 1382 1902 1426 rex
1946 1380 2276 1447 purpureo
2291 1410 2310 1446 ,

1564 1464 1632 1528 in
1676 1463 1913 1528 vestitu
1959 1482 2201 1530 carneo

1652 1568 1911 1633 nutibus
1948 1568 2217 1634 serenis.

1566 1671 1796 1738 Astant
1839 1679 1906 1736 et
1948 1670 2227 1737 leunculi

1564 1776 1669 1842 bis
1713 1794 1829 1840 sex
1848 1824 1865 1859 ,
1911 1778 2140 1861 quibus
2184 1778 2444 1862 graduli

1568 1881 1889 1960 substant,
1936 1896 2205 1962 quorum
2249 1880 2420 1946 oculi

1655 1981 1956 2046 thronum
2001 1984 2529 2068 contemplantur.

1574 2170 1858 2238 Totidem
1898 2170 2226 2255 discipuli,

1569 2292 2001 2342 conversores
2046 2274 2303 2356 saeculi,

1571 2376 1815 2445 Christi
1857 2385 2128 2444 matrem
2172 2377 2411 2463 singuli

1658 2482 1857 2567 digne
1899 2488 2312 2547 venerantur.

1569 2584 1735 2654 Inde
1780 2584 2049 2652 thronus
2092 2585 2318 2652 habuit

1569 2690 1789 2774 binas,
1832 2698 2027 2775 prout
2071 2690 2318 2774 decuit,

1568 2810 1797 2858 manus
1815 2839 1834 2876 ,
1879 2792 2112 2876 quibus
2155 2792 2359 2858 tenuit

1658 2898 1906 2980 regium
1951 2895 2157 2961 sedile
2175 2918 2208 2972 :-

1568 2999 1734 3066 Bina
1775 3000 2005 3066 harum
2050 3000 2221 3065 actio

1569 3101 1810 3167 fomitis
1854 3100 2192 3185 extinctio,

1569 3202 1806 3289 gratiae
1847 3203 2126 3290 repletio
2142 3249 2162 3288 ,

1661 3305 1945 3374 reddunt
1989 3308 2119 3374 hoc
2160 3307 2413 3374 mbtile.

1575 3412 1807 3480 Insunt
1849 3411 2000 3478 bina
2042 3411 2341 3495 brachia,

1578 3522 1730 3583 acta
1769 3514 1924 3582 vitae
1969 3516 2166 3582 fortia

1575 3618 1850 3703 virginis
1895 3619 2243 3704 signantia,

1661 3742 1812 3788 nam
1855 3723 2432 3806 contemplaturam

1581 3937 1842 4003 Gratam
1885 3932 2369 4017 affectantibus,

1577 4056 1843 4106 suavem
1887 4036 2379 4121 degustantibus
2392 4084 2411 4121 ,

1576 4141 1885 4227 optimam
1926 4140 2340 4209 servantibus

1662 4244 1924 4329 signant
1967 4252 2035 4311 et
2076 4250 2385 4311 acturam.

1386 4349 1473 4415 50
1575 4349 1848 4432 Riteque
1892 4347 2318 4432 spectabiles,

1575 4453 1782 4517 fortes
1826 4459 1894 4518 et
1937 4450 2260 4518 terribiles

1577 4560 1792 4622 astant
1833 4553 1966 4621 bini
2009 4554 2275 4621 stabiles

1661 4658 1943 4728 brachiis
1988 4660 2229 4726 leones.

2729 552 2816 620 55

2730 1156 2814 1221 60

2733 1675 2817 1739 65

2732 2278 2819 2344 ⁷0

2735 2794 2818 2857 75

2732 3307 2819 3375 80

2736 4451 2821 4518 90
