3167 5242
365 265 499 336 1¹78

370 456 629 541 Gaude,
676 454 849 540 quod
894 473 1039 521 cum
1082 457 1325 541 angelo
1578 459 1620 522 5

453 558 617 624 Evae
665 556 1056 640 subvenisti,

369 662 618 748 gaude,
665 660 841 746 quod
884 679 1027 726 cum
1073 660 1314 745 angelo

454 765 646 848 virgo
692 761 1120 848 permansisti.

368 926 629 1011 Gaude,
675 946 822 1011 quae
866 944 1012 992 cum
1056 926 1293 1011 angelo

458 1030 583 1095 deo
625 1029 953 1113 placuisti,

369 1133 586 1219 gaude
604 1182 623 1217 ,
668 1133 844 1218 quod
886 1134 953 1199 in
998 1133 1228 1218 spiritu

457 1246 682 1304 sancto
718 1238 1008 1304 floruisti.

1537 1031 1621 1097 10

373 1400 632 1487 Gaude,
678 1400 852 1486 quod
895 1401 979 1468 de
1024 1401 1256 1488 spiritu

457 1517 685 1573 saneto
730 1506 1115 1590 concepisti,

369 1606 586 1693 gaude
604 1655 622 1689 ,
669 1605 843 1691 quod
886 1608 954 1671 in
996 1614 1184 1672 utero
1535 1609 1617 1671 15

458 1710 648 1776 deum
692 1710 990 1777 habuisti.

371 1873 628 1959 Gaude,
675 1874 850 1958 quod
896 1878 980 1944 ab
1030 1882 1219 1941 utero

456 1979 646 2042 deum
689 1978 981 2062 timuisti,

366 2080 584 2167 gaude
597 2130 615 2164 ,
661 2081 835 2165 quod
879 2082 946 2147 in
993 2078 1233 2165 gaudio

455 2184 648 2251 deum
687 2187 1021 2274 peperisti.
1528 2186 1616 2250 20

1727 453 1983 539 Gaude,
2025 450 2203 537 quod
2246 470 2391 517 cum
2436 449 2684 535 gaudio

1813 559 2005 625 deum
2048 558 2408 641 nutrivisti,

1724 662 1941 748 gaude
1957 711 1975 746 ,
2022 660 2194 745 quod
2237 661 2305 725 in
2346 658 2588 744 gaudio

1811 762 2114 830 mundum
2154 762 2449 847 posuisti.

1725 927 1954 995 Gaude
1969 976 1987 1011 ,
2034 924 2209 1011 quod
2251 926 2317 990 in
2361 922 2606 1009 gaudio
2894 923 2983 987 2⁵

1813 1029 2046 1096 coelum
2088 1027 2403 1109 introisti,

1725 1133 1940 1219 gaude
1960 1181 1978 1217 ‚
2027 1129 2206 1214 quod
2251 1149 2397 1196 cum
2439 1127 2680 1213 gaudio

1812 1257 2084 1322 regnum
2126 1234 2454 1319 accepisti.

1727 1400 1987 1484 Gaude,
2034 1398 2209 1483 quod
2253 1417 2399 1464 cum
2442 1396 2686 1481 gaudio

1812 1505 2118 1570 thronum
2157 1502 2510 1569 ascendisti
2529 1550 2548 1585 ,

1724 1608 1939 1694 gaude
1955 1656 1973 1691 ,
2015 1605 2192 1691 quod
2236 1626 2380 1673 cum
2421 1605 2559 1671 filio
2587 1617 2596 1626 ‘

1810 1713 2019 1799 prima
2062 1711 2383 1777 resedisti.

1725 1876 1953 1943 Gaude
1972 1922 1990 1958 ,
2037 1873 2213 1959 quod
2255 1893 2401 1941 cum
2444 1873 2582 1939 mio

1811 1987 2043 2047 cuncta
2083 1979 2436 2065 possedisti
2455 2027 2475 2063 ,

1723 2084 1940 2169 gaude
1985 2093 2194 2150 mater
2229 2084 2468 2150 domini

1808 2187 2016 2252 nostri
2058 2186 2271 2252 Jhesu
2314 2183 2572 2251 Christi.

2891 1501 2988 1567 30

2889 2085 2982 2148 35

543 2372 930 2429 Reichenauer
963 2373 1058 2428 Hs.
1095 2371 1202 2428 No.
1236 2372 1322 2427 36.
1356 2370 1444 2427 Bl.
1482 2372 1605 2426 1⁷1.
1644 2368 1745 2427 des
1784 2373 1851 2427 15
1885 2371 2081 2428 Jahrh.

542 2480 627 2534 35.
663 2479 735 2533 36
770 2477 861 2532 die
898 2477 1107 2532 Worte
1143 2476 1286 2532 dom.
1321 2491 1443 2532 nos.
1479 2473 1686 2531 fehlen.

538 2583 605 2640 V.
640 2585 691 2639 3.
741 2590 904 2659 χαῖρε
938 2580 975 2655 ἤ
1010 2582 1082 2638 δι’
1118 2577 1353 2660 ἀγγέλου
1388 2581 1656 2655 δεξαμένη
1689 2579 1752 2639 τὸ
1790 2581 2030 2658 ,χαῖρε“.
2087 2582 2230 2640 Men.
2262 2579 2425 2637 Febr.
2458 2581 2545 2636 24.
2671 2595 2674 2600 ’

1025 2883 1201 2960 465.
1270 2884 1387 2959 De
1436 2883 1720 2988 gaudiis
1770 2883 1844 2958 h.
1883 2912 1950 2957 V.
1998 2883 2268 2958 Mariae.

362 3094 593 3164 Gaude
634 3095 827 3180 virgo
840 3144 858 3180 ,
903 3103 1109 3162 mater
1156 3094 1421 3181 Christi,
1492 3173 1509 3184 θ

360 3203 515 3287 quia
556 3201 701 3268 sola
745 3201 1065 3283 meruisti,

446 3324 488 3373 o
532 3307 723 3390 virgo
765 3306 1109 3391 purissima
1126 3354 1145 3390 ,

356 3428 507 3476 esse
553 3418 755 3476 tantae
800 3410 1132 3494 dignitatis
1154 3457 1173 3494 ,

356 3521 430 3579 ut
472 3514 563 3580 sis
608 3523 857 3580 sanctae
899 3513 1204 3579 trinitatis
1567 3512 1607 3574 5

450 3617 744 3682 sessione
787 3618 1103 3701 proxima.

1715 3104 1789 3161 ut
1831 3095 1917 3161 ad
1959 3106 2181 3163 votum
2225 3098 2678 3182 consequaris,

1716 3197 1893 3282 quod
1932 3199 2034 3263 vis
2077 3206 2308 3282 totum,
2363 3219 2509 3266 cum
2550 3199 2886 3286 precaris,

1802 3304 1885 3369 ab
1922 3302 2037 3368 illo
2081 3301 2471 3370 dulcissimo.

1714 3464 1942 3533 Gaude
1987 3486 2145 3534 cara
2186 3485 2431 3552 sponsa
2473 3465 2615 3551 dei,

1709 3590 1862 3636 nam
1905 3577 1977 3637 ut
2012 3571 2193 3636 clara
2234 3574 2347 3636 lux
2392 3570 2522 3637 diei

1799 3675 1961 3742 solis
2003 3674 2194 3741 datur
2236 3676 2472 3742 lumine
2490 3724 2509 3760 ,

1711 3779 1808 3844 sic
1851 3786 1922 3843 tu
1964 3777 2130 3844 facis
2173 3781 2399 3845 orbem
2441 3796 2602 3843 vere

1710 3889 1841 3948 tuae
1882 3880 2067 3967 pacis
2109 3880 2537 3966 resplendere

1794 3988 1957 4055 lucis
1998 3987 2418 4072 plenitudine.
2465 3991 2470 3997 ’

2879 3573 2972 3637 20

358 3780 589 3850 Gaude
630 3780 796 3847 flore
837 3780 1141 3866 virginali
1155 3827 1175 3865 ,

358 3905 507 3971 quae
549 3885 800 3952 honore
843 3885 1114 3971 speciali

441 3989 879 4057 transscendis
923 3987 1386 4075 splendiferam

352 4094 734 4178 angelorum
777 4095 1209 4179 principatum
1521 4093 1603 4156 10

350 4206 422 4264 et
465 4206 834 4265 sanctorum
878 4198 1255 4263 decoratum

440 4301 752 4387 dignitate
797 4320 1146 4366 munerum.

1709 4152 1935 4218 Gaude
1966 4152 2317 4238 splendens
2344 4171 2466 4218 vas
2491 4152 2820 4238 virtutum,
2875 4155 2970 4218 25

1707 4258 1893 4342 cujus
1934 4257 2229 4343 pendens
2274 4266 2375 4323 est
2420 4256 2506 4324 ad
2547 4265 2775 4323 nutum

1791 4368 1931 4428 tota
1976 4363 2125 4427 eoeli
2169 4363 2350 4428 curia
2363 4409 2383 4445 ,

1704 4474 1770 4534 te
1818 4467 2164 4550 benignam
2211 4474 2279 4532 et
2319 4466 2608 4550 felicem,

1703 4572 1868 4639 Jesu
1911 4570 2170 4656 dignam
2214 4573 2594 4664 genitricem

1788 4695 2112 4744 venerans
2141 4678 2213 4743 in
2256 4676 2487 4762 gloria.

352 4464 579 4532 Gaude
619 4487 795 4533 nexu
835 4465 1189 4532 voluntatis

350 4576 421 4634 et
463 4571 764 4654 amplexu
812 4570 1101 4636 caritatis

427 4671 661 4756 ,iuncta
703 4673 799 4739 sio
843 4673 1188 4757 altissimo,
1513 4670 1598 4734 15
2867 4675 2964 4741 so
