3167 5242
353 280 488 348 102

793 467 1035 535 Ventris
1081 461 1517 530 habitaculum
1558 483 1681 528 rex
1722 478 1952 544 regum
1990 460 2258 527 intravit
2275 510 2293 545 ,

790 569 977 655 quasi
1019 565 1506 633 tabernaculum
1551 566 1678 631 hoc
1718 565 2135 647 inhabitavit,

785 678 1192 757 pugnaturus
1234 676 1508 753 propter
1542 686 1664 734 noe
1702 670 1793 735 ibi
1838 687 1912 732 ee
1959 669 2235 734 armavit

784 775 982 843 armis
1023 772 1528 841 condecentibus
1541 819 1560 855 ,
1604 773 1837 856 quibus
1882 771 2135 837 hostem
2178 772 2435 836 stravit.

792 968 906 1033 Tui
948 983 1112 1050 ergo
1156 964 1273 1034 filii
1313 965 1637 1049 redempti
1681 983 1913 1032 eruore
1929 1013 1947 1048 ,
2896 963 2991 1024 45

785 1090 976 1153 quem
1017 1070 1087 1134 in
1131 1068 1341 1135 crucis
1383 1069 1619 1154 proelio
1663 1069 1828 1134 fudit
1870 1088 2016 1134 cum
2056 1068 2337 1153 liquore,

790 1173 920 1239 hac
962 1172 1261 1258 peruncti
1305 1173 1523 1255 gratia
1561 1180 1630 1237 te
1668 1172 2008 1238 laudamus
2052 1190 2168 1236 ore
2183 1220 2203 1255 ,η

788 1287 860 1344 ut
900 1278 967 1343 in
1013 1279 1140 1342 tuis
1184 1276 1481 1343 laudibus
1525 1279 1723 1343 nimus
1764 1286 1831 1342 et
1872 1295 2112 1342 amore.

558 1480 655 1537 He.
692 1495 763 1533 zu
797 1477 1011 1547 Mainz,
1058 1477 1256 1534 Karth.
1292 1478 1397 1534 No.
1432 1479 1555 1534 380.
1603 1478 1691 1533 ΒΙ.
1728 1478 1810 1534 80.
1880 1479 1961 1535 let
1995 1478 2119 1535 eine
2152 1477 2508 1534 verdorbene
2545 1471 2855 1544 Abschrift‚
2891 1474 2990 1529 die

375 1568 506 1625 eine
543 1568 752 1624 andere
788 1564 950 1621 Hand
975 1564 1067 1623 hie
1104 1566 1218 1621 und
1254 1566 1327 1621 da
1362 1566 1692 1625 verbosam-t
1724 1567 1840 1623 hat.
1878 1569 1948 1621 14
1971 1566 2168 1623 Jahrb.
2202 1567 2331 1636 (A).
2404 1563 2758 1621 Bruchstiick
2795 1564 2853 1618 in
2878 1563 2991 1617 der

363 1658 472 1719 Be.
508 1674 579 1711 zu
613 1655 915 1723 Miinchen,
967 1655 1205 1724 August.
1240 1652 1379 1709 eccl.
1429 1630 1537 1710 No.
1575 1657 1692 1709 127.
1739 1651 1840 1709 fol.
1896 1654 1995 1711 ult.
2044 1654 2143 1712 dee
2190 1657 2261 1711 14
2294 1653 2492 1713 Jahrh.
2540 1652 2663 1722 (B).
2735 1652 2831 1707 He.
2867 1666 2988 1705 von

355 1732 435 1802 ⁶8.
469 1744 640 1799 Peter
675 1741 735 1796 in
770 1740 1055 1812 Salzburg
1091 1742 1132 1812 l,
1169 1743 1253 1795 14.
1292 1741 1392 1796 des
1430 1744 1496 1795 15
1530 1742 1727 1798 Jahrh.
1765 1741 1892 1817 (C).
1963 1743 2059 1798 Hs,
2096 1740 2350 1797 daselbst
2384 1738 2476 1808 VI,
2505 1741 2554 1794 3.
2591 1753 2692 1792 aus
2730 1734 2989 1807 gleicher

371 1831 503 1891 Zeit
540 1831 666 1900 (D).
735 1828 832 1884 lle.
870 1828 1122 1883 daselbst
1156 1828 1249 1897 w,
1285 1830 1356 1883 38
1394 1828 1493 1883 des
1531 1830 1600 1883 14
1635 1828 1845 1900 Jahrb„
1894 1830 2067 1884 deren
2102 1825 2330 1898 Anfaug
2364 1826 2457 1881 ich
2491 1824 2823 1896 verglichen
2858 1824 2992 1893 (E).

371 1917 575 1979 Dieees
610 1917 746 1972 Lied
797 1917 995 1972 wurde
1049 1933 1152 1972 aus
1188 1917 1715 1973 Missverstfindnise
1769 1916 2052 1972 einzelner
2087 1916 2304 1972 Stellen
2357 1912 2755 1971 iiherarbeitet.
2840 1912 2903 1965 In
2939 1911 2985 1968 G

371 2004 528 2061 ‘wird
562 2004 665 2060 der
698 2001 1004 2060 Verfasser
1040 2020 1106 2059 eo
1144 2002 1498 2076 angegeben:
1542 2003 1796 2074 Sequens
1833 2003 2105 2059 salutatio
2139 2000 2380 2075 virginis
2418 2000 2692 2073 gloriosae
2721 2003 2813 2054 est
2837 2015 2994 2054 com·

373 2091 569 2165 posita
601 2107 706 2163 per
740 2092 1072 2165 magistrum
1108 2091 1453 2147 Radbertum
1490 2092 1816 2162 episcopum
1844 2091 2091 2147 civitatis
2118 2089 2504 2147 Linconieneie
2538 2094 2597 2145 et
2613 2087 2874 2147 Urbanus
2892 2086 2988 2143 Vl.

375 2195 505 2235 eam
540 2173 906 2235 confirmavit.
978 2180 1253 2235 Welcher
1288 2180 1430 2237 Text
1480 2180 1623 2237 aber
1671 2180 1881 2237 diesem
1922 2176 2230 2237 Vel-fasser
2279 2178 2595 2251 angehiire,
2655 2174 2837 2231 bleibt
2880 2174 2995 2230 mir

369 2265 747 2339 zweifelhaft,
784 2267 922 2323 weil
957 2269 1170 2340 gerade
1208 2268 1361 2324 dieze
1397 2269 1493 2324 He.
1532 2269 1692 2325 einen
1728 2267 2126 2325 verdorbeneu
2143 2269 2286 2325 Text
2318 2267 2431 2324 und
2464 2267 2627 2323 einen
2661 2259 2994 2339 gleichsam:

375 2355 786 2428 verdiichtigen
821 2355 1057 2412 Schluss
1092 2353 1302 2425 liefert,
1339 2355 1441 2409 der
1478 2371 1545 2410 eo
1581 2354 1790 2411 lautet:

868 2441 957 2497 Ad
990 2442 1114 2495 hoec
1148 2441 1320 2512 virgo
1356 2441 1558 2499 ooelica
1587 2442 1767 2499 nobis.
1792 2443 1889 2498 det
1922 2443 2179 2501 solamen

873 2533 935 2584 et
969 2529 1151 2584 sancti
1185 2528 1442 2585 similitor
1481 2529 1635 2600 pium
1669 2527 2086 2601 confortamen,

873 2630 1067 2670 omnes
1103 2621 1314 2671 eanctae
1350 2616 1605 2688 virgines
1641 2623 1894 2673 sanctum
1929 2634 2151 2690 quoque
2191 2614 2421 2689 flamen,

875 2701 972 2773 qui
1005 2708 1212 2774 regnat
1246 2718 1367 2757 cum
1404 2708 1568 2774 patre
1604 2709 1663 2760 et
1695 2702 1814 2761 filio
1850 2705 1909 2761 in
1939 2705 2154 2761 eaecula
2189 2705 2540 2761 saeculorum.

377 2786 602 2844 Robert
632 2802 748 2844 von
782 2788 1013 2843 Lincoln
1049 2788 1207 2844 etarb
1245 2791 1399 2860 1253,
1435 2790 1583 2846 viele
1619 2790 1805 2847 seiner
1839 2789 2129 2848 Schriften
2165 2792 2289 2848 sind
2325 2794 2472 2849 noch
2506 2792 2875 2865 ungedruckt.

561 2875 675 2930 Das
728 2873 1079 2932 Glossenlied
1133 2876 1272 2932 iiber
1320 2875 1424 2932 dae
1482 2879 1606 2933 Ave
1658 2878 1841 2934 Maria
1892 2895 2006 2936 von
2057 2880 2244 2937 Petrus
2295 2880 2544 2937 Damiani
2589 2885 2754 2952 (opp.
2808 2879 2995 2953 ejusd.

363 2974 560 3018 marm.
596 2965 700 3036 63)
754 2965 856 3021 hat
901 2965 1154 3041 gleichee
1189 2966 1359 3022 Vers—
1406 2966 1520 3022 und
1566 2966 2001 3039 Strophenmaee
2054 2969 2167 3023 wie
2215 2969 2315 3024 das
2365 2970 2537 3041 obige
2591 2970 2706 3024 und
2753 2970 2992 3024 manche

381 3050 570 3109 ‘verse
605 3052 860 3109 etimmen
898 3054 1072 3109 (latuit
1105 3055 1371 3111 wortlich
1409 3056 1662 3126 fiber-ein,
1701 3057 1907 3112 andere
1934 3057 2078 3113 aber
2104 3057 2361 3113 weichen
2387 3058 2572 3114 daven
2599 3057 2865 3129 ganzlich
2897 3057 2993 3126 ab,

382 3155 456 3197 so
493 3140 625 3196 dass
659 3156 788 3197 man
824 3141 915 3197 die
948 3141 1222 3199 Leearten
1272 3143 1467 3199 beider
1509 3145 1690 3200 'l'exte
1737 3144 1894 3201 nicht
1938 3146 2042 3201 mit
2087 3146 2357 3201 einander
2403 3145 2769 3218 vergleichen
2818 3143 2993 3213 kann,

381 3229 632 3286 eundern
676 3229 759 3285 sie
806 3229 902 3287 ffir
952 3232 1099 3287 zwei
1131 3232 1450 3291 besendere
1483 3232 1940 3306 Bearbeitungen
1974 3233 2167 3293 halten
2198 3251 2388 3290 nune..
2436 3235 2551 3289 Der
2583 3232 2855 3289 Abdruck
2890 3230 2991 3285 dee

379 3316 584 3374 Liedee
633 3317 693 3372 in
741 3319 852 3377 den
887 3319 1146 3375 Werken
1199 3320 1297 3375 dee
1333 3321 1537 3377 Petrus
1590 3319 1669 3377 ist
1714 3323 1859 3376 auch
1893 3322 2251 3394 keineewegs
2287 3318 2614 3391 fehlerfrei,
2676 3320 2826 3377 doch
2859 3314 3008 3374 derf

377 3416 513 3463 man
546 3405 645 3461 ihn
677 3404 834 3461 nicht
866 3421 968 3461 aue
1005 3405 1229 3480 obigem
1265 3407 1440 3467 'sexte
1474 3408 1829 3467 verheeeern.

569 3556 602 3609 1
647 3554 746 3611 lux
778 3552 823 3612 f.
859 3560 920 3612 et
945 3555 1008 3612 B.
1094 3559 1131 3611 2
1166 3556 1256 3612 dei
1292 3553 1331 3613 f.
1369 3557 1503 3613 coeli
1537 3560 1618 3630 B,
1680 3559 1855 3617 totius
1891 3562 1957 3617 A.
2043 3562 2079 3615 3
2115 3560 2358 3616 omnium
2391 3557 2430 3615 f.
2458 3561 2605 3614 hom.
2642 3557 2811 3627 BCE,
2874 3571 2997 3612 om·-

386 3638 558 3699 m‘bue
590 3641 657 3698 D.
723 3644 759 3698 6
793 3659 899 3714 per
934 3649 993 3699 te
1030 3648 1089 3702 et
1120 3644 1350 3701 miseria
1381 3645 1554 3719 virgo
1579 3648 1645 3718 D,
1682 3653 1742 3704 et
1773 3648 1912 3704 Evae
1944 3648 2112 3719 culpa
2148 3648 2346 3721 gravis
2384 3664 2490 3719 per
2517 3652 2573 3703 te
2600 3650 2906 3718 reparatur
2932 3643 2994 3699 E.

383 3728 427 3786 8
460 3727 560 3783 via
591 3729 717 3801 Ac,
751 3729 887 3785 vitae
922 3731 1001 3801 D,
1036 3737 1207 3804 porta
1241 3733 1316 3801 B,
1349 3749 1455 3804 per
1492 3739 1549 3790 te
1583 3735 1706 3805 OD,
1754 3736 2214 3792 demonstrantur
2246 3736 2309 3790 E.
2378 3738 2450 3790 10
2486 3733 2665 3789 lilium
2702 3734 2779 3803 G,
2842 3733 2998 3787 inter

383 3829 507 3873 roe.
541 3816 607 3871 A.
681 3819 747 3871 11
782 3817 1035 3873 moribus
1070 3820 1147 3889 A,
1202 3825 1261 3875 te
1299 3821 1368 3876 de
1404 3821 1515 3878 tuis
1550 3818 1606 3878 fl.
1645 3820 1703 3878 G.
1776 3825 1845 3877 12
1882 3828 1942 3878 et
1976 3839 2061 3878 ex.
2098 3828 2199 3879 tot.
2235 3820 2382 3879 fehlt
2415 3823 2481 3878 A.
2553 3823 2623 3877 13
2656 3819 2996 3877 habundans

379 3903 651 3977 ungentis
686 3904 750 3977 G,
786 3905 1102 3963 redundans
1136 3908 1201 3978 D,
1235 3909 1525 3965 medicina
1557 3911 1624 3966 B.
1693 3912 1766 3967 14
1798 3911 1933 3967 nudi
1965 3911 2155 3982 prelo·
2180 3913 2250 3982 A,
2275 3911 2475 3984 populi
2501 3910 2563 3982 G,
2596 3908 2903 3983 pangentis
2928 3907 2995 3962 A.

383 3997 460 4050 15
493 3993 643 4053 fehlt
673 3995 755 4067 A,
818 3997 1010 4069 aspice
1046 3999 1119 4069 O,
1173 4000 1393 4072 egentis
1428 4001 1492 4061 G.
1597 4002 1669 4059 16
1718 4002 1931 4063 amori·
1969 4002 2203 4061 vnlnere
2238 4003 2319 4074 B,
2378 4003 2585 4061 mitffi
2620 4002 2754 4058 hort
2788 3999 2835 4053 B
2874 3991 2997 4051 auf.

375 4082 608 4143 livore·
658 4084 954 4142 vulnerum
999 4086 1063 4142 D.
1160 4089 1230 4143 18
1276 4103 1444 4161 quam
1476 4091 1531 4146 A
1550 4130 1565 4161 ,
1628 4105 1796 4165 quam
1831 4091 1942 4149 eibi
1974 4091 2220 4164 eubJecit
2255 4092 2318 4150 G.
2415 4092 2484 4146 19
2516 4091 2675 4148 steht
2706 4103 2781 4143 an
2814 4084 2889 4140 2⁰
2923 4084 2995 4149 A,

381 4173 602 4243 omnia,
640 4188 805 4246 quam
841 4173 993 4230 inm
1029 4173 1275 4234 confecit
1309 4177 1382 4247 ο,
1418 4193 1529 4250 qna
1561 4178 1681 4235 An.
1751 4151 1825 4239 εὖ
1857 4180 2072 4239 morbis
2108 4181 2184 4253 c,
2219 4182 2404 4237 salute
2438 4178 2585 4252 perf.
2623 4181 2690 4236 A
2758 4176 2833 4229 22
2865 4169 3001 4243 pul·

385 4257 651 4316 chrituoo
687 4260 763 4331 D,
827 4259 965 4316 «leue
999 4257 1042 4316 f.
1078 4265 1185 4318 tec.
1219 4262 1300 4331 A,
1362 4268 1541 4320 sanct.
1590 4265 1666 4321 ad
1711 4266 2162 4338 degustationem
2210 4268 2271 4327 G.
2339 4270 2411 4323 23
2446 4268 2505 4323 in
2539 4273 2701 4323 terra
2733 4279 2798 4320 ee
2833 4265 2893 4316 te
2930 4257 2997 4326 (22

384 4346 463 4403 el.
510 4347 732 4421 pariter
775 4349 851 4405 ad
892 4365 950 4421 p.
991 4348 1056 4406 D.
1151 4353 1225 4408 24
1258 4357 1607 4423 spectantem
1659 4359 1719 4413 te
1763 4355 1824 4410 in
1871 4371 2017 4414 omn.
2048 4357 2513 4428 praelectionem
2548 4358 2628 4427 A,
2680 4355 2863 4409 mater
2900 4343 3001 4401 dei

382 4430 547 4493 facta
581 4452 645 4491 ee
681 4452 787 4507 per
822 4436 983 4494 elect.
1019 4436 1077 4496 0.
1145 4440 1218 4494 26
1254 4441 1404 4496 steht
1437 4457 1511 4501 au
1545 4440 1650 4497 der
1681 4441 1865 4500 Stelle
1899 4460 2015 4500 von
2048 4445 2121 4499 28
2157 4444 2215 4500 in
2249 4445 2314 4500 1).
2381 4448 2456 4500 27
2492 4441 2659 4500 effice
2696 4437 3003 4497 dulcedine

385 4523 453 4578 tu
486 4523 556 4593 A,
589 4521 758 4580 affice
794 4525 856 4582 D.
921 4526 997 4583 28
1030 4526 1090 4583 in
1123 4524 1272 4584 fehlt
1302 4528 1367 4599 D,
1401 4533 1466 4585 ut
1499 4528 1557 4585 in
1592 4533 1693 4586 tua
1728 4530 1917 4604 gratia
1953 4532 2066 4590 sint
2100 4549 2323 4606 semper
2357 4528 2613 4590 fruentes
2653 4529 2715 4600 Ο,
2750 4526 2902 4584 fehlt
2928 4527 3001 4583 A.

379 4609 458 4665 29
494 4606 720 4667 factura
750 4611 817 4669 D.
885 4616 954 4671 31
991 4618 1051 4671 te
1084 4613 1126 4672 f.
1164 4633 1201 4674 a
1234 4617 1310 4687 A,
1362 4617 1673 4690 singularis
1708 4620 1794 4692 A,
1848 4626 2117 4693 sequente
2151 4619 2193 4677 f.
2230 4637 2267 4679 a
2300 4637 2377 4678 cr.
2415 4620 2474 4677 C.
2541 4623 2615 4677 32
2649 4618 2888 4691 cognita
2919 4618 2994 4675 A·

375 4696 944 4777 &enuntiandam
1012 4703 2230 4785 mammaemammal).
2297 4707 2997 4784 &teet-quiana&
