3167 5242
459 423 674 507 ipsum
717 415 919 482 solem
957 411 1231 498 justitiae

457 523 749 592 indutum
791 538 1020 600 carne,

457 629 651 696 ducis
693 627 761 691 in
807 625 1050 690 orbem.

439 727 681 850 xVirgo
727 764 926 830 decus
962 760 1217 845 mundi,
1529 759 1617 823 10

466 872 699 956 regina
742 868 924 951 coeli,

467 972 830 1061 praeelecta
870 977 941 1035 ut
986 968 1126 1052 sol,

466 1077 743 1165 pulchra
785 1073 1031 1140 lunaris
1073 1078 1145 1137 ut
1186 1069 1439 1152 fulgor,

470 1199 759 1265 agnosce
806 1194 1028 1242 omnes

471 1293 540 1351 te
584 1283 948 1367 diligentes,
1537 1276 1619 1339 15

482 1478 576 1543 Te
621 1475 882 1561 plenam
924 1468 1056 1535 fide

471 1584 730 1664 virgam
774 1578 1005 1642 almam
1049 1570 1269 1656 stirpis
1313 1568 1507 1638 Jesse

471 1684 866 1758 nascituram

1823 403 2219 472 aeternaliter
2890 397 2989 460 45

1826 511 2219 576 devocamus
2264 505 2351 572 ad
2396 524 2577 570 aram

1822 610 2231 680 mactandum
2273 605 2753 692 mysterialiter.

1824 752 1993 818 Hinc
2035 768 2271 815 manna
2312 764 2541 810 verum

1823 854 2184 922 Israhelitis
2228 851 2436 932 veris,

1822 954 2118 1025 Abrahae
2171 952 2320 1018 filiis
2895 950 2987 1012 5o

1825 1058 2287 1126 admirantibus

1828 1161 2152 1246 quondam
2167 1209 2184 1244 ,
2230 1157 2452 1242 Moysi

1832 1265 2008 1350 quod
2037 1273 2233 1349 typus
2262 1262 2606 1345 figurabat,
2634 1259 2777 1344 jam
2806 1223 2991 1324 nunc

1831 1369 2111 1436 abducto
2157 1368 2309 1432 velo

1832 1475 2023 1540 datur
2064 1471 2366 1556 perspici.
2684 1549 2695 1559 ·
2898 1467 2993 1530 55

1834 1594 1955 1642 ora
1997 1576 2188 1657 virgo
2208 1622 2225 1656 ,
2269 1591 2390 1637 nos
2429 1571 2543 1636 illo

1829 1699 1999 1765 pane
2045 1677 2194 1742 coeli
2241 1675 2474 1758 dignos
2518 1671 2709 1738 effici.

473 1791 733 1874 priores
779 1779 1319 1847 desideraverant
1587 1813 1594 1820 -

472 1898 700 1977 patres
746 1894 814 1951 et
859 1883 1222 1970 prophetae.
1345 1961 1370 1978 ..
1537 1877 1623 1942 20
1726 1874 1786 1936 6.
1830 1868 1970 1935 Fac
2011 1868 2255 1932 fontem
2300 1865 2584 1945 dulcem,

1833 1993 2021 2057 quem
2063 1974 2129 2037 in
2176 1971 2440 2036 deserto

1831 2084 2020 2163 petra
2061 2072 2620 2159 praemonstravit,
2903 2073 2997 2138 60

1842 2179 2193 2262 degustare
2239 2197 2383 2266 cum
2429 2176 2687 2242 sincera
2729 2173 2873 2240 fide

476 2030 572 2096 Te
615 2031 860 2113 lignum
902 2026 1058 2090 vitae

477 2142 706 2200 sancto
750 2140 1015 2197 rorante
1060 2129 1404 2215 pneumate

474 2239 833 2326 parituram
2419 2279 2432 2291 .
2532 2275 2555 2291 .

480 2342 681 2407 divini
725 2341 903 2405 floris
949 2336 1365 2421 amygdalum
1829 2286 2582 2452 ffffffssffismnffl'

409 2461 412 2468 ¹
479 2444 764 2528 signavit
810 2438 1136 2505 Gabrihel.
1539 2435 1624 2498 25

1836 2509 2113 2572 anguem
2157 2508 2408 2553 aeneum

372 2634 440 2699 4.
485 2631 585 2696 Tu
628 2649 866 2713 agnum
909 2648 1168 2711 regem,
1831 2594 1898 2658 ᾗ)
1943 2611 2136 2659 ⁰¹¹¹oe
2182 2592 2524 2678 ⁸P00Ulffl'i·
2904 2592 3001 2655 65

482 2742 680 2800 terrae
726 2732 1221 2815 dominatorem,
1833 2731 1974 2798 Fac
2015 2732 2152 2816 igni
2196 2738 2425 2796 sancto

485 2837 822 2905 Moabitici
1836 2835 2170 2921 patrisque
2213 2837 2422 2899 verbo
2441 2881 2459 2916 ‚

485 2942 571 3008 de
613 2949 806 3026 petra
849 2939 1092 3004 deserti
1835 2937 2011 3024 quod
2055 2941 2253 3006 rubus
2295 2944 2368 3003 ut
2410 2933 2665 3002 flamma

483 3046 572 3113 ad
614 3052 894 3109 montem
937 3042 1092 3106 filiae
1541 3040 1626 3106 30
1839 3049 1910 3108 tu
1948 3043 2242 3125 portasti,
2286 3041 2500 3123 virgo,
2544 3045 2753 3104 mater
2780 3038 3001 3120 facta,

1835 3143 2095 3229 pecuali
2138 3143 2310 3227 pelle
2328 3190 2345 3225 ,
2902 3144 2999 3207 70

1839 3248 2154 3313 discincto
2197 3245 2404 3331 pede,

1834 3351 2090 3420 mundis
2133 3352 2327 3419 labiis

1841 3454 2167 3537 cordeque
2211 3454 2668 3539 propinquare.

484 3147 647 3215 Sion
693 3146 1066 3229 traduxisti,

486 3288 712 3371 Tuque
755 3285 1073 3350 furentem

425 3485 450 3502 ι
485 3391 854 3461 Leviathan
898 3393 1265 3471 serpentem

481 3501 968 3576 tortuosumque

482 3605 551 3663 et
595 3603 846 3660 vectem
893 3595 1208 3661 collidens
1543 3593 1627 3656 35
1731 3652 1775 3715 7
1837 3646 2016 3716 Audi
2057 3665 2179 3713 nos

1777 3698 1791 3714 ⁶
2192 3698 2211 3732 7

1836 3771 1987 3817 nam
2031 3759 2097 3817 te
2142 3751 2313 3818 filius
2538 3699 2543 3702 Δ
2913 3754 3015 3817 '25

1835 3855 2034 3922 nichil
2076 3874 2326 3939 negans
2371 3854 2667 3919 honorat.

441 3700 798 3768 damnoso
843 3700 1106 3765 crimine

415 3801 426 3812 ‘⁸
477 3805 785 3872 mundum
831 3806 1141 3872 exemisti.
1247 3803 1256 3808 ’

1840 3993 2045 4060 Salva
2089 4012 2208 4059 nos
2228 4043 2245 4078 ,

1841 4102 2083 4186 Jhesu‚
2125 4081 2259 4186 pro⁸
2298 4102 2527 4184 quibus

1842 4207 2036 4290 virgo
2078 4213 2288 4270 mater
2331 4213 2397 4270 te
2444 4211 2605 4271 orat.

379 4013 447 4078 ὅ.
490 4009 658 4077 Hinc
699 4011 986 4096 gentium
1029 4028 1151 4076 nos

485 4115 783 4199 reliquae,
829 4122 959 4180 tuae
1003 4116 1124 4180 sub

484 4220 661 4286 cultu
704 4219 1061 4302 memofiae,
1542 4211 1631 4279 40

486 4322 715 4388 mirum
756 4322 822 4386 in
867 4321 1124 4387 modum

483 4444 672 4508 quem
716 4443 788 4490 es
832 4425 1026 4492 enixa

425 4529 958 4612 propitiationis
1004 4548 1279 4614 agnum,

480 4639 861 4712 regnantem
906 4630 1074 4697 coelo

1733 4416 1795 4480 8.
1840 4413 1979 4483 Fac
2021 4414 2263 4479 fontem
2309 4414 2461 4481 boni
2502 4413 2719 4478 visere
2738 4459 2760 4496 ,
2916 4417 3025 4484 80

1836 4518 1920 4584 da
1964 4540 2147 4604 purae
2190 4519 2422 4584 mentis
2469 4518 2695 4586 oculos

1829 4624 1903 4724 'in
1952 4631 2021 4690 te
2065 4623 2374 4709 defigere.
