3167 5242
1184 683 1356 762 543.
1420 681 1675 760 Flores
1724 681 1796 757 b.
1847 683 2101 760 Mariae
2153 712 2217 756 V.

406 1063 872 1138 Collaudemus
915 1067 1237 1153 universi,
1763 1069 1974 1155 Virgo
2015 1069 2176 1136 felix
2216 1076 2289 1135 et
2321 1069 2612 1155 jocunda
2625 1119 2645 1154 ,

406 1176 765 1259 gratiarum
787 1172 988 1238 ⁸fonte
1031 1172 1194 1238 tersi
1207 1219 1226 1255 ‚
1765 1174 2191 1258 contemplari
2232 1181 2445 1239 mente
2487 1174 2729 1240 munda
2972 1179 3061 1244 2⁰

492 1278 772 1346 Mariam
815 1275 1246 1343 christiferam
1265 1321 1284 1357 ‚
1849 1277 1959 1342 fac
2000 1294 2123 1343 nos
2164 1284 2340 1343 tuam
2381 1278 2615 1344 faciem
2628 1325 2649 1361 ,

407 1397 557 1463 quae
596 1377 908 1461 uos.ejus
951 1377 1201 1441 ventris
1243 1376 1459 1444 fructu
1764 1376 2090 1445 Christum
2132 1398 2298 1463 pure
2340 1399 2512 1446 nunc
2554 1401 2788 1447 amare

408 1480 494 1548 de
536 1480 922 1566 perditionis
965 1482 1143 1547 luctu
1527 1517 1534 1524 ·
1617 1483 1658 1546 5
1765 1480 2151 1564 deitatisque
2194 1491 2427 1567 potare

411 1585 424 1594 “
494 1585 731 1652 refecit
770 1606 895 1672 per
937 1587 1234 1670 gratiam.
1489 1603 1496 1610 ·
1848 1605 2197 1670 supernam
2241 1585 2662 1656 dulcedinem.

406 1771 627 1842 Mater
669 1776 1098 1842 miserationis
1117 1823 1135 1859 ,
1764 1772 2095 1840 claritatis
2137 1774 2523 1841 vestimento
2954 1782 3044 1846 25

408 1879 564 1960 spes
603 1873 906 1942 humanae
952 1877 1311 1963 concionis,
1770 1878 1968 1962 doce,
2010 1878 2232 1962 virgo,
2279 1879 2465 1944 vultu
2505 1879 2660 1946 laeto

496 1979 839 2044 consolare
882 1980 1194 2064 populum
1211 2028 1230 2063 ,
1852 1979 2178 2046 Christum
2219 1998 2341 2045 nos
2384 1980 2675 2067 induere,

409 2100 601 2165 quem
645 2081 729 2148 de
771 2083 921 2149 lacu
965 2085 1190 2150 mortis
1233 2083 1405 2150 tristi
1421 2133 1441 2169 ,
1577 2086 1659 2151 10
1764 2087 1935 2150 inter
1978 2085 2127 2149 coeli
2170 2085 2465 2168 legiones

407 2183 498 2250 de
540 2194 914 2272 contemptu
958 2189 1340 2255 transtulisti
1763 2189 2120 2282 gratiarum
2163 2190 2454 2255 actiones

493 2287 562 2353 in
603 2290 901 2355 vivorum
943 2309 1294 2358 numerum.
1849 2292 2287 2359 condecenter
2329 2312 2585 2360 canere.
2941 2300 3031 2365 30

406 2475 549 2545 Fac
588 2494 710 2542 nos
755 2478 873 2544 tibi
914 2498 1086 2545 nunc
1125 2496 1369 2544 vacare
1760 2481 1863 2552 Sit
1906 2502 2053 2552 cum
2087 2483 2349 2552 christo
2391 2486 2535 2553 laus
2577 2490 2847 2573 parenti
2864 2539 2888 2575 ,

408 2587 478 2646 et
521 2580 607 2644 ad
654 2573 980 2646 Christum
1025 2582 1379 2650 convolare
1761 2591 1845 2656 ab
1889 2596 2166 2672 utroque
2208 2589 2591 2674 procedenti

496 2683 729 2748 mentis
766 2683 1090 2750 desiderio
1106 2732 1124 2768 ,
1574 2687 1656 2752 15
1846 2693 2043 2778 plena
2081 2694 2418 2779 jubilatio,

401 2784 614 2852 hostis
654 2807 861 2872 vepre
895 2808 979 2852 ne
1023 2807 1415 2875 pungamur,
1760 2797 2063 2881 genitrici
2104 2798 2374 2863 illibatae
3140 2889 3141 2894 ἵ

405 2907 532 2975 per
573 2899 642 2956 te
684 2891 874 2976 large
915 2894 1325 2977 perfruamur
1759 2903 1844 2967 sit
1886 2919 2031 2967 cum
2076 2910 2303 2968 sancta
2344 2903 2631 2971 trinitate
2924 2907 3017 2971 3⁵

492 2995 848 3078 gratiarum
891 2998 1057 3063 oleo.
1845 3025 2089 3071 summa
2131 3007 2514 3074 benedictio.
2974 3019 2987 3033 ‘

581 3182 679 3240 Hs.
719 3198 837 3240 von
874 3181 1198 3259 Tegernsee
1249 3186 1355 3245 No.
1394 3190 1537 3246 1824
1582 3190 1683 3246 des
1720 3192 1789 3245 15
1821 3191 2016 3248 Jahrb.
2051 3210 2122 3248 zu
2158 3193 2445 3252 Miincheu.
2512 3193 2616 3251 Die
2650 3194 2747 3250 Hs.
2784 3197 3015 3256 eumin

399 3269 585 3326 dieses
632 3271 748 3327 und
789 3273 885 3329 die
930 3271 1239 3347 folgenden
1274 3277 1310 3332 6
1345 3277 1549 3335 Lieder
1602 3278 1663 3334 in
1697 3278 1845 3334 zwei
1879 3279 2267 3353 Abschriften,
2330 3281 2421 3339 die
2456 3282 2550 3339 ich
2581 3283 2684 3339 mit
2718 3285 2788 3343 A.
2829 3285 2881 3341 Β
2913 3285 3011 3341 be-

399 3358 642 3414 seichue.

508 3483 515 3490 ·
580 3464 652 3518 14
684 3460 1014 3523 acfietB.

581 3584 648 3641 V.
682 3587 769 3642 14.
822 3585 1122 3644 Christum.
1175 3587 1433 3646 Christus
1466 3606 1583 3647 uon
1617 3594 1908 3666 proprium
1943 3611 2145 3654 nomen
2180 3602 2294 3668 est,
2331 3598 2433 3654 sed
2464 3602 2808 3673 nuncupatio
2843 3607 3008 3675 pote-
3140 3669 3141 3678 χ

401 3669 573 3726 statis
618 3674 678 3727 et
724 3673 904 3744 regni.
960 3674 1043 3730 sic
1082 3675 1226 3731 enim
1260 3675 1445 3733 Judoei
1489 3693 1659 3751 reges
1706 3696 1842 3737 suos
1879 3683 2256 3754 appellabant.
2305 3718 2369 3727 —
2434 3687 2512 3743 ob
2546 3688 2691 3744 hanc
2726 3689 3005 3747 ratione-i

402 3772 512 3813 nos
564 3774 690 3814 eum
725 3760 1010 3817 Christum
1054 3777 1462 3835 nuncupamus,
1523 3765 1583 3822 id
1631 3772 1723 3825 est
1754 3773 2001 3839 unctum,
2065 3772 2162 3843 qui
2212 3772 2478 3832 hebraice
2511 3776 2748 3833 messias
2783 3777 3005 3836 dicitur.

404 3844 635 3902 Metani-
671 3846 779 3902 div.
811 3848 940 3903 inst.
974 3851 1028 3920 4,
1063 3853 1115 3905 7.
1185 3849 1349 3924 ἐλαίῳ
1396 3850 1506 3926 μὴν
1556 3849 1589 3910 ὁ
1633 3855 1879 3932 Χριστὸς
1925 3855 2177 3933 οὐδαμοῦ
2223 3860 2497 3937 ἐχρίσθη,
2560 3860 2701 3920 ἀλλὰ
2734 3864 3003 3939 πνεύματι

405 3926 577 4006 ἁγίῳ·
617 3965 682 3976 -
719 3933 989 4009 πνεύματι
1022 3931 1208 4003 οὐδεὶς
1245 3939 1491 4017 ἐχρίσθη
1523 3940 1769 4017 τοιούτῳ.
1823 3946 2075 4019 Chrysost.
2095 3941 2166 4002 'in
2202 3964 2285 4021 ps.
2321 3950 2410 4020 44,
2447 3950 2498 4006 9.

581 4020 651 4077 V.
697 4023 786 4079 29.
857 4020 1019 4080 οὐδὲν
1078 4024 1222 4084 οὕτω
1285 4025 1364 4101 τῷ
1416 4025 1543 4102 θεῷ
1603 4031 2110 4109 περισπούδαστον,
2191 4031 2266 4101 ὥς
2317 4036 2383 4093 τὸ
2435 4034 2795 4117 εὐχαρίστους
2851 4031 3002 4098 εἶναι.

401 4089 657 4164 cmm
689 4092 748 4149 in
781 4110 865 4165 μ
903 4097 1025 4167 115,
1061 4097 1112 4151 s.

1161 4380 1337 4459 544.
1405 4383 1507 4459 ad
1543 4387 1868 4485 primam.
1936 4389 2252 4490 Ieymnus.

395 4573 680 4661 Superni
721 4547 965 4667 sponsa
993 4553 1351 4676 principis,
1742 4587 1989 4677 Maria,
2032 4593 2223 4680 Virgss
2264 4597 2486 4683 ‘085³’

386 4679 805 4770 propitiatrix
847 4685 1151 4773 hominis,
1742 4692 1941 4780 plena
1981 4697 2176 4765 laude
2214 4708 2289 4768 et
2336 4702 2573 4790 gratia,
