3167 5242
412 470 675 558 „Mater
716 468 930 556 fiam“,
972 472 1179 556 inquit
1218 471 1369 557 illa,

410 573 601 658 enjus
644 594 806 639 vere
849 592 987 640 sum
1031 573 1295 657 ancilla,

411 677 600 741 salva
641 684 856 742 tamen
899 676 1027 741 sint
1069 676 1287 760 sigilla

424 772 433 779 ’
497 778 769 866 pudoris
784 830 802 865 ‚
847 788 921 847 ut
963 775 1309 863 loqueris.“

412 964 730 1061 ,signum
775 970 929 1038 audi
969 970 1276 1037 novitatis
1289 1020 1309 1054 ,

410 1072 612 1142 crede
656 1075 894 1159 solum,
941 1082 1007 1139 et
1051 1080 1155 1138 est
1198 1074 1390 1156 satis,

408 1196 543 1246 non
587 1185 692 1243 est
734 1186 867 1245 tua
910 1177 1239 1245 facultatis

496 1280 761 1348 solvere
807 1280 1169 1364 corrigiam.

411 1469 677 1537 Grande
722 1471 976 1554 signum
1020 1478 1088 1536 et
1129 1470 1383 1556 insigne

410 1580 517 1638 est
556 1573 625 1637 in
666 1575 833 1638 rubo
878 1578 942 1636 et
986 1573 1054 1636 in
1097 1572 1284 1658 igne,

407 1694 497 1742 ne
543 1676 889 1761 appropiet
927 1675 1196 1760 indigne

497 1779 827 1847 calceatus
871 1775 1248 1866 quispiam.“

410 1967 902 2053 Consequenter
935 1967 1133 2052 juxta
1173 1975 1435 2055 pactum

412 2072 602 2149 adest
642 2074 914 2139 verbnm
959 2091 1114 2139 caro
1158 2074 1427 2158 factum,

412 2195 675 2260 semper
719 2182 934 2241 tamen
981 2183 1083 2240 est
1124 2176 1434 2242 intactum

496 2279 791 2366 puellare
834 2280 1165 2363 gremium.

411 2473 647 2542 Parem
689 2475 953 2559 pariens
996 2475 1259 2557 ignorat

1577 674 1660 738 15

1574 1279 1660 1346 20

1573 1968 1659 2035 25

414 2584 501 2661 et,
546 2596 737 2662 quam
780 2575 977 2641 homo
1018 2592 1150 2640 non
1195 2573 1489 2659 deflorat,
1577 2575 1662 2638 30

1761 485 1894 533 non
1936 471 2303 549 torquetur,
2345 479 2472 528 nec
2515 462 2803 543 laborat,

1853 567 2112 654 quando
2155 569 2330 655 parit
2367 566 2588 632 filium.

1762 756 1974 844 Virga
2017 759 2193 826 sicca
2243 758 2383 825 sine
2426 776 2579 825 rore

1762 880 1937 929 novo
1977 864 2125 946 ritu,
2170 880 2345 929 novo
2387 880 2568 928 more

1765 954 2043 1036 fructum
2084 969 2355 1055 protulit
2399 989 2543 1036 cum
2586 970 2749 1037 flore
2762 950 2794 1055 ,’
2941 973 3028 1037 35

1851 1073 1950 1139 sic
1987 1080 2059 1138 et
2100 1074 2294 1158 virgo
2336 1076 2611 1160 peperit.

1760 1259 2152 1328 Benedictus
2195 1262 2346 1328 talis
2389 1261 2636 1329 fructus
2650 1311 2669 1346 ‚

1760 1364 2009 1430 fructus
2056 1364 2294 1450 gaudii,
2342 1382 2474 1430 non
2518 1365 2750 1450 luctds,

1761 1484 1892 1532 non
1937 1468 2062 1532 erit
2101 1464 2320 1533 Adam
2365 1468 2698 1553 seductus,

1850 1571 1907 1635 si
1951 1571 2034 1635 de
2079 1570 2206 1637 hoc
2250 1572 2632 1656 gustaverit.
2941 1575 3026 1641 40
3151 1594 3152 1599 ’

1763 1761 2006 1829 Jhesus
2048 1769 2302 1846 noster,
2345 1762 2586 1829 Jhesus
2632 1766 2844 1833 bonus
2865 1812 2890 1847 ‚

1762 1868 1892 1952 piae
1936 1868 2159 1931 matris
2201 1867 2375 1952 pium
2427 1885 2589 1935 onus
2602 1916 2620 1951 ‚

1763 1969 1950 2053 cujus
1995 1977 2097 2033 est
2139 1970 2207 2033 in
2251 1970 2418 2034 coelo
2462 1969 2759 2053 thronus,

1850 2076 2111 2160 ponitur
2153 2076 2220 2141 in
2266 2077 2540 2143 stabulo.

1764 2262 1888 2342 Qui
1931 2265 2029 2329 sic
2073 2272 2175 2329 est
2215 2282 2339 2349 pro
2384 2266 2570 2332 nobis
2612 2275 2835 2352 natus,
2935 2270 3018 2334 45

1761 2374 2023 2431 nostros
2068 2365 2286 2431 deleat
2327 2375 2580 2453 reatus,

1765 2470 1916 2553 quia
1960 2478 2183 2535 noster
2226 2471 2547 2537 incolatus

1849 2571 1958 2639 hic
2001 2582 2103 2639 est
2145 2575 2212 2639 in
2252 2576 2563 2659 periculo.

593 2750 712 2805 Ans
747 2747 1046 2804 del-selben
1079 2749 1174 2805 Hs.
1226 2744 1283 2803 f.‘.
1303 2749 1391 2804 85.
1422 2748 1525 2804 nit
1558 2747 1661 2803 der
1695 2746 1955 2804 melodia.

594 2856 629 2909 5
666 2853 851 2910 dieser
884 2855 1035 2911 vers
1071 2855 1225 2911 steht
1258 2857 1403 2911 auch
1437 2856 1495 2910 in
1528 2855 1635 2911 No.
1663 2856 1787 2924 381,
1825 2858 1874 2908 1.
1890 2896 1905 2926 ,
1951 2854 2202 2910 welches
2237 2854 2374 2910 Lied
2407 2855 2668 2912 dasselbe
2703 2855 3023 2928 Strophen-

413 2957 567 3000 mass
602 2941 730 3012 hat,
792 2958 919 2999 man
954 2943 1105 2998 kann
1141 2944 1280 2999 aber
1312 2943 1415 2999 mit
1447 2942 1857 2999 Bestimmtheit
1890 2941 2046 2998 nicht
2079 2958 2256 3015 sagen
2274 2983 2289 3011 ,
2334 2943 2609 3001 welchem
2644 2944 2816 3003 niodo
2845 2945 3021 3019 jener

413 3028 560 3085 Vers
593 3030 996 3104 urspriinglich
1031 3031 1337 3105 angehore.
1405 3033 1478 3087 24
1514 3030 1805 3103 calciatus,
1840 3031 1935 3087 Hs.

588 3135 655 3190 V.
687 3136 775 3192 34.
824 3151 977 3193 novo
1011 3152 1186 3193 more.

480 3222 804 3292 Ἐκαίνισας,
842 3221 1095 3302 ἄχραντε,

480 3314 561 3391 τῷ
595 3315 736 3384 θείῳ
773 3307 912 3382 τόκῳ
949 3331 1055 3366 σου

442 3396 453 3427 ²
481 3402 802 3475 φθαρεῖσαν
835 3404 952 3460 τοῖς
987 3395 1205 3453 πάθεσι

446 3508 458 3518 ·
479 3502 588 3541 των
621 3483 856 3561 γηγενῶν
888 3483 987 3557 τὴν
1022 3484 1228 3557 θνητὴν

485 3569 682 3628 οὐσίαν
697 3614 712 3644 ,
747 3577 838 3628 καὶ
872 3569 1099 3651 ἤγειρας

626 3657 836 3725 πάντας
871 3661 930 3717 ἐκ
966 3658 1067 3717 τοῦ
1100 3657 1354 3718 θανᾶτου

1975 3221 2118 3299 πρὸς
2153 3221 2294 3303 ζωὴν
2329 3219 2666 3297 ἀφθαρσίας
2678 3266 2697 3294 ,

1974 3309 2112 3369 ὅθεν
2146 3331 2209 3369 σε
2244 3315 2563 3388 καταχρέως

1972 3400 2340 3473 μακαρίζομεν
2379 3397 2604 3473 πάντες,

1835 3485 2086 3560 παρθένε
2121 3484 2519 3557 δεδοξασμένῃ,

1975 3566 2052 3635 ὥς
2089 3569 2524 3649 προεφήτευσας.

2158 3661 2323 3718 Mart.
2359 3665 2444 3716 22.
2490 3661 2550 3717 S.
2585 3660 2690 3717 No.
2726 3662 2859 3731 364,
2893 3666 2948 3719 1.

592 3746 657 3803 V.
692 3751 779 3804 47.
832 3747 1142 3819 incolatus,
1202 3749 1347 3804 nach
1402 3747 1600 3820 psalm.
1639 3750 1757 3818 119,
1793 3749 1843 3802 5.
1898 3763 1966 3805 so
2019 3746 2137 3802 viel
2190 3746 2276 3802 als
2330 3748 2655 3819 colonatus,
2719 3750 2860 3805 weil
2915 3752 3022 3808 dea·

411 3838 643 3896 Hensch
685 3855 790 3894 nur
838 3839 926 3894 als
981 3838 1243 3896 Colonist
1290 3840 1392 3895 der
1428 3838 1576 3895 Erde
1623 3838 1942 3895 betrachtet
1976 3837 2154 3908 wind,
2217 3838 2324 3895 den
2362 3839 2461 3893 der
2496 3839 2617 3895 Tod
2652 3854 2766 3893 von
2804 3839 3022 3895 seinem

411 3925 637 3982 Besitze
674 3925 968 3981 vertreibt.
1049 3925 1271 3983 Eb‘enso
1307 3924 1381 3981 im
1418 3925 1841 3981 Griechischen:
1905 3920 1981 3990 ὥς
2030 3920 2291 4001 πᾶροωὶοι
2327 3925 2691 4002 διατρίβομεν.
2765 3926 3026 4000 Chry-rod.

408 4013 469 4069 in
502 4031 586 4086 ps.
622 4016 746 4084 119,
782 4017 833 4073 3.
924 4018 1015 4070 acal
1064 4012 1175 4091 γὰρ
1228 4019 1493 4093 παρουσία
1544 4014 1575 4072 ὅ
1629 4016 1821 4093 παρὼν
1874 4015 2010 4091 βίος.
2084 4016 2212 4071 Ιῠίᾰ.
2252 4018 2371 4087 119,
2405 4018 2456 4070 2.
2527 4015 2587 4074 S.
2621 4017 2728 4073 No.
2763 4016 2858 4087 25,
2895 4017 3022 4073 123.

410 4100 515 4158 No.
550 4104 637 4173 29,
673 4104 795 4167 55„

1375 4387 1551 4464 364.
1602 4386 1718 4461 De
1767 4386 2030 4461 eadem.

406 4591 542 4666 Res
585 4612 758 4660 nova
801 4591 1138 4676 mirabilis,

494 4716 650 4765 rosa
694 4694 1187 4782 fragrat-lilium
1210 4745 1226 4777 ,

1679 4636 1692 4647 .
1764 4593 1995 4678 ignara
2036 4591 2161 4657 viri
2203 4590 2464 4657 seminis

1850 4696 2044 4781 virgo
2088 4695 2344 4782 pmfert
2383 4694 2600 4765 filium.
