3167 5242
229 412 455 479 Gaude
490 422 700 480 mater
746 414 931 479 salvo
977 414 1172 501 flore,
1433 419 1477 481 5
1580 420 1782 505 subc,
1828 430 1899 486 ut
1942 439 2063 488 nos
2108 420 2431 488 humilitas
2450 472 2468 506 ‚

225 524 408 583 ortus
455 519 778 602 surgentis
824 537 1079 585 aurorae
1091 567 1110 603 ,
1578 525 1786 588 virtus
1835 526 2167 609 virtutum,
2212 525 2496 611 impleat,
2741 531 2834 596 30

226 616 374 706 quae
419 618 547 685 diei
590 621 942 705 primordia
1576 649 1701 715 per
1745 649 1933 712 quam
1984 628 2052 694 in
2094 631 2280 696 nobis
2326 632 2565 698 caritas

224 723 465 790 dedisti
505 723 574 790 in
618 725 916 790 ecclesia.
1578 732 1817 797 ardens
1864 741 1931 812 et
1973 734 2198 813 lucens
2242 734 2509 819 fulgeat.

224 889 452 978 Gaude
494 899 702 958 mater
748 892 999 959 luciferi
1017 941 1036 979 ‚
1577 893 1634 960 0
1680 895 1944 970 orientis
1990 897 2208 962 oriens

221 993 307 1060 de
352 995 536 1080 cujus
580 997 751 1062 sacri
786 1000 954 1064 uteri
1387 1003 1467 1066 10
1577 1017 1844 1080 aurora,
1892 999 2050 1064 80118
2093 1000 2344 1082 nuntia,

136 1131 141 1134 ·
218 1097 569 1168 benedicto
615 1101 905 1166 sacrario
1575 1100 1679 1164 801
1721 1099 1924 1164 solem
1966 1101 2335 1184 parturiens
2352 1149 2370 1184 ‚
2740 1105 2824 1168 35

218 1198 492 1266 defluxit
532 1202 923 1269 benedictin.
1576 1201 1716 1267 dies
1761 1201 1888 1267 diei
1932 1202 2218 1288 praevia3

220 1362 450 1431 Gaude
494 1365 617 1432 flos
663 1365 997 1452 desiderii,
1057 1390 1065 1400 ·
1530 1405 1539 1410 ἡ
1571 1365 1743 1434 Data
1783 1385 2033 1452 pressae
2076 1366 2144 1432 in
2182 1368 2403 1434 nubilo

216 1468 437 1554 gaude
483 1476 692 1535 mater
735 1471 1066 1555 principii,
1570 1472 1805 1536 mentis
1847 1471 2119 1554 inflatae,
2163 1472 2384 1537 intima

216 1590 370 1654 quae
416 1572 674 1639 edidisti
720 1576 1013 1640 omnibus
1387 1579 1467 1640 15
1569 1594 1692 1659 per
1740 1593 1931 1657 quam
1975 1576 2214 1641 amoris
2247 1575 2464 1658 jubilo

216 1675 639 1742 desideratum
676 1677 977 1758 gentibus.
1567 1688 1795 1746 nostra
1833 1682 2085 1747 exultet
2128 1684 2358 1748 anima.
2735 1684 2821 1750 40

218 1834 450 1903 Gaude
495 1856 730 1904 aurora
776 1840 1107 1924 ecclesiae,
1568 1844 1624 1911 0
1667 1866 1787 1912 ver
1829 1848 2005 1912 veris
2049 1848 2396 1933 temperies
2404 1871 2460 1933 ,·
2585 1895 2592 1904 ,

134 1965 143 1972 ·
214 1959 342 2025 per
386 1960 583 2024 quam·
620 1952 978 2027 apparente
1024 1943 1128 2010 die
1568 1969 1697 2033 quo
1741 1951 2148 2017 revirescunt
2193 1951 2434 2035 omnia,

212 2045 445 2109 umbra
487 2045 698 2110 noctis
743 2045 1007 2110 evanuit
1567 2059 1764 2116 aestas
1809 2054 2055 2117 aestatis
2100 2054 2388 2137 species,

214 2154 285 2210 et
332 2144 549 2210 laetum
590 2165 780 2211 mane
826 2146 1075 2212 claruit.
1377 2151 1463 2215 20
1566 2175 1696 2239 qua
1736 2157 2122 2222 innovantur
2165 2158 2440 2240 gaudia!

211 2309 380 2381 Esto
424 2313 609 2378 nobis
649 2311 762 2377 lux
806 2313 1057 2398 praevia
1564 2319 1704 2386 Fac
1746 2338 1866 2386 nos
1909 2320 2208 2386 innovari
2725 2323 2812 2387 45

213 2423 287 2482 et
330 2417 544 2481 oriens
586 2415 673 2480 ad
715 2416 987 2502 gaudia,
1650 2426 1902 2509 virore,
1949 2424 2058 2508 qui
2100 2442 2232 2490 non
2275 2423 2558 2509 deficit,.

210 2527 288 2587 ut
323 2520 466 2585 veri
507 2522 689 2585 solis·
709 2521 931 2605 specie
1566 2535 1635 2594 et
1676 2529 1745 2593 10
1789 2526 1915 2596 deo
1950 2526 2300 2611 jocundari
2319 2575 2337 2609 ‚

212 2641 377 2690 vere
418 2623 705 2691 fruamur
748 2623 963 2689 hodie.
1639 2629 1766 2712 ‘qui
1808 2628 1989 2693 80108
2031 2649 2192 2695 vere
2235 2628 2490 2698 sufficit.

210 2787 441 2855 Gaude
484 2788 737 2875 lampas
780 2789 1094 2855 castitatis
1372 2792 1457 2855 25
1560 2790 1771 2874 Deus,
1816 2800 2065 2858 aeterna
2105 2795 2356 2878 puritas
2374 2841 2393 2879 ‚

296 2899 365 2957 et
406 2891 637 2958 lucifer
681 2890 1041 2975 humilium,
1558 2914 1689 2960 una
1732 2902 1800 2960 et
1841 2896 2012 2961 trina
2055 2898 2341 2962 suavitas
2360 2945 2378 2977 ‚
2726 2898 2811 2963 50

206 2995 312 3062 801
356 2995 679 3081 septuplae
725 2995 1033 3059 claritatis
1049 3041 1067 3078 ‚
1559 2999 1644 3063 sit
1680 2998 1801 3063 sibi
1833 2998 2139 3081 jubilatio
2154 3046 2173 3084 ,

297 3098 438 3165 dies
483 3099 731 3164 dierum
775 3098 1069 3164 omnium.
1555 3121 1741 3188 purae
1784 3103 2014 3166 mentis
2056 3103 2343 3183 intentio.

384 3259 519 3341 ,ω’
540 3284 840 3366 dei-selben
873 3283 970 3341 ns.
1002 3283 1091 3340 131.
1127 3284 1213 3340 50.

383 3426 453 3482 V.
485 3428 538 3481 2.
592 3424 804 3482 domus.
868 3417 1017 3483 οἷκον
1041 3420 1272 3502 Χριστῷ
1305 3422 1697 3499 δομησάμενος.
1742 3425 1882 3484 Νῦν.
1901 3428 1984 3482 11.
2052 3425 2209 3483 Dm
2242 3426 2496 3500 gchfim
2533 3428 2679 3484 auch
2713 3429 2808 3487 (lio

206 3513 460 3585 Stellen,
520 3513 706 3569 worin
741 3513 923 3569 Maria
955 3512 1056 3569 mit
1090 3514 1192 3569 der
1225 3514 1411 3569 Arche
1447 3513 1776 3586 verglichen
1811 3514 1975 3571 wird.
2037 3514 2146 3572 Nu.
2182 3516 2303 3587 414,
2349 3516 2433 3571 14.
2508 3511 2809 3595 ὀικητὴριον

210 3621 412 3676 φωτος.
464 3601 629 3659 mart.
669 3602 758 3660 23-
826 3600 984 3675 vium·
1017 3600 1116 3656 τοῦ
1153 3597 1359 3658 ἀδύτου
1393 3593 1540 3665 οἶκος
1573 3603 1819 3676 γέγονας.
1855 3602 2000 3659 Pom.
2017 3604 2102 3660 30.
2173 3603 2251 3661 lm
2283 3603 2515 3661 Octoenh.
2551 3607 2621 3661 95
2657 3606 2806 3668 wil-d

206 3694 294 3749 sie
329 3689 475 3748 θεοῦ
507 3686 910 3766 κατοικητήριον
946 3693 1208 3761 gemunt.

385 3778 450 3835 V.
486 3780 569 3833 16.
607 3793 709 3834 uus
745 3778 881 3835 Ven.
918 3778 1207 3836 Fortunat.
1243 3778 1508 3836 entlehnt.
1560 3773 1664 3835 No.
1697 3780 1815 3851 419,
1854 3781 1940 3836 19.

384 3865 451 3922 V.
487 3869 572 3921 17.
607 3869 691 3922 22.
727 3867 812 3922 33.
864 3865 1030 3922 Diese
1077 3867 1470 3938 Beziehungen
1515 3863 1624 3922 auf
1663 3865 1772 3922 den
1818 3866 2303 3942 Sonnenaufgang
2352 3869 2479 3925 sind
2513 3866 2804 3924 ultchrist-

203 3954 357 4011 liche
390 3951 710 4010 Ansichten.
779 3953 1006 4010 lactant.
1043 3953 1212 4010 divin.
1247 3955 1484 4010 institut.
1517 3958 1570 4024 2,
1609 3956 1690 4010 10.
1740 3953 1939 4012 Oriens
1976 3951 2085 4013 deo
2121 3962 2449 4013 accensetur
2463 3995 2478 4025 ,
2513 3955 2646 4028 quia
2679 3954 2805 4026 ipse

203 4042 431 4100 luminis
486 4038 618 4098 fons
673 4046 735 4097 et
766 4041 1085 4098 illustrator
1137 4047 1226 4097 est
1258 4058 1446 4097 rerum
1480 4046 1540 4098 et
1573 4041 1726 4114 quod
1762 4042 1903 4098 oriri
1936 4057 2042 4099 008
2076 4040 2254 4100 faciat
2287 4043 2362 4099 ad
2394 4042 2568 4099 vitam
2603 4041 2807 4113 sempi-

202 4137 439 4191 ternam.
479 4161 543 4172 —
608 4129 755 4198 dies,
807 4144 968 4200 quem
1000 4129 1214 4201 primus
1250 4130 1440 4186 oriens
1476 4129 1897 4200 subministrat,
1933 4130 2024 4186 dei
2058 4131 2135 4188 sit
2167 4146 2397 4188 0000880
2433 4136 2536 4187 ent.
2602 4129 2667 4187 ln
2701 4145 2804 4186 an·

205 4220 373 4276 deret
406 4216 608 4274 Weise
643 4215 891 4273 ‹ll-ichen
934 4232 998 4271 08
1033 4216 1124 4272 δίο
1159 4215 1434 4275 urtechun
1471 4232 1601 4273 aus:
1663 4213 1894 4291 ἀνατολὴ
1932 4223 2257 4291 ἐπιφανεῖσα
2291 4216 2558 4290 θεότητος
2594 4224 2711 4280 τοῖς
2744 4216 2803 4272 ἐν

205 4306 389 4366 σκότει
422 4306 610 4365 πᾶσαν
652 4307 969 4365 &maduca
1006 4306 1103 4380 τὴν
1137 4305 1356 4385 timont}
1386 4306 1551 4368 νύκτα
1583 4307 1693 4365 τῶν
1728 4308 1962 4380 παθῶν,
2021 4313 2115 4367 καὶ
2148 4307 2491 4382 δικαιοσύνης
2523 4307 2618 4367 τὸν
2651 4306 2804 4381 ἥλιον

204 4396 519 4466 ἐξανέτειλε.
583 4396 814 4454 ΟοιοεοΙι.
850 4396 970 4451 156.
1040 4395 1100 4452 S.
1133 4396 1239 4454 No.
1260 4399 1395 4467 423,
1431 4400 1514 4454 17.

382 4483 451 4540 V.
484 4486 571 4540 27.
626 4484 858 4556 lampas.
913 4484 1108 4555 λυχνία
1154 4482 1495 4563 χρυσοφαής.
1556 4483 1600 4542 F
1602 4483 1720 4539 ebt.
1765 4486 1854 4539 23.
1936 4482 2264 4562 φωτοφόρος
2299 4486 2509 4556 λυχνία.
2561 4486 2707 4556 Aug.
2747 4484 2802 4539 9.

206 4572 322 4630 Das
359 4571 437 4629 ist
471 4588 537 4627 8ο
572 4572 690 4628 viel
725 4572 812 4628 als
848 4568 1250 4650 χριστοφόρος,
1311 4573 1447 4628 weil
1482 4572 1736 4632 christus
1786 4572 1887 4628 das
1921 4572 2084 4631 Licht
2129 4573 2219 4631 ist.
2289 4572 2704 4636 Candelabrum
2737 4571 2799 4626 in

204 4659 391 4719 medio
424 4660 615 4719 muudi
649 4665 821 4718 neunt
858 4661 942 4717 sie
975 4662 1199 4719 Amba.
1234 4665 1379 4720 orat.
1412 4662 1500 4717 54.
1551 4659 1612 4720 S.
1646 4660 1752 4718 No.
1780 4661 1901 4733 517,
1935 4662 2025 4718 25.
