3167 5242
352 275 485 344 17⁸2

527 454 905 599 Einfanderes
939 451 1079 512 Lied
1112 452 1254 508 ibor
1287 450 1379 506 die
1402 449 1658 508 Frenden
1681 447 1863 511 Uaria
1894 449 1953 505 in
1980 449 2052 504 14
2072 446 2365 520 Stropheu
2399 446 2554 503 steht
2577 445 2638 504 in
2663 446 2970 508 der-aben

353 546 449 602 Hs.
487 544 602 601 und
669 546 811 615 angt
842 557 909 597 se
945 555 1048 595 an:

566 648 754 706 Gaude
792 646 970 703 duleis
1008 664 1044 702 o
1079 646 1286 716 Maia,
1856 656 1982 714 prae
2017 639 2232 696 eunetis
2267 638 2597 697 mulieribus

564 736 704 793 felix
738 740 800 792 et
833 736 1032 804 beata,
1864 743 1993 784 nam
2029 742 2094 781 es
2129 724 2399 783 exaltata.
2467 734 2574 785 ete.

915 1072 1091 1148 460.
1161 1068 1442 1143 Gaudia
1492 1068 1849 1142 terrestria
1898 1065 1969 1139 h.
2020 1093 2087 1138 v.
2139 1064 2400 1140 Maria.

355 1312 583 1379 Gaude
628 1311 839 1395 virgo,
881 1316 1089 1375 mater
1133 1306 1407 1391 christi,
1707 1326 1897 1391 quem
1941 1305 2216 1372 dolebas
2258 1310 2532 1370 mortem
2582 1303 2752 1389 pati,

354 1433 502 1498 quae
544 1433 667 1498 per
714 1432 935 1477 aurem
977 1410 1333 1494 concepisti
1706 1411 1919 1496 fulget
1962 1409 2378 1477 resurreetio.
2881 1405 2963 1471 15

352 1515 661 1583 Gabriele
708 1515 951 1580 mmm·
1709 1572 1938 1639 Gaude
1984 1569 2247 1635 Christo
2293 1566 2722 1650 aseendente,

352 1700 621 1786 (Gaude
634 1749 653 1785 ,
697 1702 887 1786 prole
930 1719 1076 1784 quae
1121 1699 1400 1767 fecunda
1708 1680 1821 1763 (1Πί
1864 1676 1951 1743 ad
1993 1676 2196 1741 GOElOS
2241 1679 2306 1738 ῐθ
2350 1671 2614 1737 vidente

353 1803 704 1870 ascendisti
745 1804 813 1868 in
855 1810 1158 1867 montana
1560 1807 1602 1870 5
1710 1791 1890 1848 motu
1929 1783 2135 1847 fertur
2180 1779 2469 1863 proprio·

353 1907 572 1974 ⁰⁰rdi⁸
617 1927 760 1974 ⁰⁰⁰¹
804 1904 1143 1992 tripudia)
1710 1942 2008 2026 (Gaude,
2054 1942 2205 2026 quia
2247 1939 2601 2024 paraclitus

1706 2050 1941 2114 missus
1985 2044 2106 2109 fuit
2144 2042 2448 2108 divinitus
2877 2041 2965 2105 20

356 2099 613 2184 Gaude,
659 2102 811 2183 quia
855 2099 980 2164 deo
1015 2101 1214 2184 plena
1707 2154 1775 2217 in
1821 2159 1933 2216 tuo
1979 2144 2321 2229 collegio.)

353 2204 667 2289 peperisti
712 2205 851 2269 sine
896 2224 1093 2288 poena

352 2328 500 2375 eum
547 2309 814 2394 pudoris
858 2310 1015 2377 lilio.
1306 2281 1313 2288 ¹
1710 2313 1954 2397 Gaude,
1987 2332 2132 2397 quae
2161 2316 2315 2396 post
2343 2309 2668 2375 Christum
2699 2307 2967 2376 scandis

430 2459 438 2466 ·
854 2475 863 2482 -
1709 2429 1778 2486 et
1819 2426 1921 2484 est
1961 2418 2173 2483 honor
2215 2417 2332 2482 tibi
2375 2413 2644 2499 grandis

354 2499 651 2585 (Gaude,
696 2500 847 2584 qnia
890 2502 1158 2585 regibus
1521 2503 1602 2567 10
1707 2527 1775 2592 in
1819 2525 1970 2591 coeli
2009 2522 2273 2608 palatio,

351 2627 498 2674 eum
541 2608 671 2672 suis
714 2608 1085 2674 muneribus

351 2709 499 2775 visa
542 2730 615 2775 es
661 2730 805 2776 eum
851 2709 1048 2794 filio.)
1706 2694 1806 2760 Ibi
1849 2694 2097 2757 fruetus
2140 2690 2389 2755 ventris
2431 2688 2528 2754 tui
2878 2686 2966 2751 25

1706 2815 1829 2880 per
1873 2801 1939 2859 te
1984 2793 2171 2859 nobis
2217 2792 2407 2857 detur
2450 2789 2578 2855 frui

356 2889 583 2958 Gaude
599 2940 618 2977 ‚
662 2890 814 2975 quia
857 2891 950 2957 tui
991 2892 1126 2958 nati
1138 2941 1157 2976 ,
1705 2898 1773 2962 in
1816 2897 2089 2982 perenni
2133 2895 2394 2980 gaudio,

530 3076 625 3133 Hs,
661 3093 730 3132 zu
765 3077 1040 3133 munchen
1075 3076 1212 3134 Clm.
1248 3079 1406 3134 4432.
1441 3075 1480 3133 fi
1515 3078 1602 3133 66.
1638 3079 1737 3135 des
1775 3081 1843 3134 15
1869 3078 2065 3136 Jahn-lu
2135 3080 2270 3135 Dies
2303 3078 2382 3135 ist
2415 3078 2503 3133 die
2541 3076 2710 3133 dritte
2747 3074 2969 3133 Ueber-

351 3163 654 3237 arbeitnng
703 3164 805 3220 der
854 3165 1084 3223 Corona
1117 3165 1315 3222 Mariae
1362 3166 1461 3222 des
1497 3167 1553 3222 h.
1589 3167 2022 3238 Bouaventnra‚
2078 3183 2122 3223 s.
2158 3167 2266 3222 No.
2301 3169 2426 3222 354.
2495 3165 2643 3220 Was
2677 3166 2739 3220 in
2774 3166 2969 3222 Klam-

350 3268 510 3309 mern
545 3254 723 3323 steht,
786 3255 887 3310 hat
922 3254 1022 3310 der
1061 3255 1390 3311 Bearbeiter
1424 3252 1832 3328 hinzugefiigt,
1895 3256 1997 3310 der
2035 3271 2195 3310 zwar
2238 3254 2348 3310 den
2383 3253 2762 3310 Schlussreim
2790 3252 2967 3326 jeder

351 3339 602 3412 Strophe
637 3341 960 3413 beibehielt,
996 3343 1135 3399 aber
1172 3346 1256 3399 10.
1284 3345 1349 3398 11
1386 3359 1503 3401 von
1537 3343 1664 3400 dem
1689 3344 2020 3399 Versmasse
2056 3344 2298 3400 abwieh.
2355 3343 2443 3397 Da
2474 3342 2533 3397 in
2558 3341 2767 3397 diesem
2794 3339 2969 3396 Liede

353 3429 389 3483 8
422 3427 678 3484 Frenden
711 3429 895 3485 Maria
929 3428 1262 3502 ausgeffihrt
1298 3431 1439 3504 sind,
1477 3432 1579 3488 das
1614 3429 1886 3506 folgende
1922 3431 2060 3487 aber
2097 3449 2203 3488 nur
2240 3434 2275 3486 7
2304 3430 2594 3502 Strophen
2629 3430 2746 3498 hat,
2783 3445 2852 3484 se
2890 3427 2972 3486 ist

351 3530 417 3569 es
449 3514 739 3572 vielleicht
770 3516 924 3572 nieht
958 3519 1324 3592 vollstandig.

940 3853 1114 3929 461.
1192 3852 1473 3929 Gaudia
1527 3854 1835 3929 eoelestia
1885 3853 1954 3928 b.
1999 3831 2067 3926 ἦ.
2107 3853 2379 3926 Mariae.

357 4072 584 4139 Gaude
599 4123 617 4157 ,
664 4091 856 4158 quam
899 4074 1043 4140 laus
1088 4075 1257 4142 tollit
1297 4069 1486 4144 'dives
1708 4076 1966 4160 Gaude,
2011 4076 2129 4143 tibi
2172 4074 2323 4141 eoeli
2366 4081 2574 4140 eoetus

353 4195 554 4261 super
598 4193 820 4242 omnes
862 4178 1012 4242 eoeli
1056 4178 1237 4244 cives
1703 4190 1926 4269 paret,
1968 4188 2043 4247 ut
2085 4179 2382 4263 reginam
2423 4178 2616 4244 laetus

344 4281 669 4366 singulari
711 4283 961 4350 merite.
1707 4287 1934 4356 nolens
1975 4293 2043 4358 te
2083 4283 2417 4368 obsequio.

358 4471 585 4540 Gaude
629 4474 830 4543 deeor
872 4476 1036 4543 lueis
1053 4524 1071 4560 ,
1113 4477 1337 4563 polum
1711 4477 1939 4544 Gaude
1956 4525 1975 4562 ,
2021 4477 2195 4562 quod
2238 4477 2341 4542 vis
2355 4525 2374 4561 ,
2422 4475 2551 4542 deo
2585 4474 2834 4562 placet,
2885 4472 2972 4538 10

357 4592 598 4640 ornans
613 4624 630 4658 ,
672 4585 744 4643 ut
785 4577 954 4644 diem
999 4587 1067 4645 et
1108 4581 1316 4648 solnm
1563 4582 1605 4645 5
1711 4580 1889 4666 apud
1933 4600 2080 4647 eum
2122 4581 2238 4648 tibi
2272 4579 2460 4665 jaeet

357 4679 460 4745 sol
502 4679 786 4748 illustrat
826 4683 1032 4750 radio,
1710 4685 2018 4769 frequens
2061 4681 2409 4750 exauditio.
