3167 5242
389 422 610 491 Maria
649 422 798 487 fons
833 421 1092 507 pietatis
1105 466 1127 506 ,
1599 421 1641 484 5

391 528 608 596 Μανία
646 526 761 593 lux
806 525 1119 592 claritatis
1141 572 1161 607 ,

390 631 606 699 Maria
649 629 784 696 dux
827 629 1106 695 deviatis
1119 676 1138 711 ,

389 733 605 802 Maria
647 752 815 820 pons
858 732 1279 817 naufragatis.

394 922 619 990 Gratia
661 929 730 987 tu
774 940 847 986 es
891 920 1169 1004 referta,

386 1030 601 1111 oralia
645 1026 713 1091 in
757 1034 823 1092 te
865 1032 970 1091 est
1012 1032 1230 1109 certa,
1561 1027 1641 1091 10

386 1134 599 1216 oralia
641 1149 727 1196 ex
760 1136 828 1195 te
871 1137 1138 1215 reperta
1153 1177 1173 1214 ,

385 1237 598 1318 aratia
637 1234 828 1299 nobis
871 1233 1154 1298 miserta.
1249 1284 1256 1291 .

390 1424 589 1492 Plena
629 1443 752 1509 per
793 1421 1208 1504 influentiam,

386 1526 582 1611 plena
624 1545 747 1610 per
790 1522 1247 1590 abundantiam
1266 1572 1286 1608 ,

385 1632 577 1717 plena
616 1648 944 1696 renovans
985 1630 1240 1695 veniam
1254 1677 1276 1713 ,
1558 1630 1641 1693 15

382 1736 579 1821 plena
621 1752 945 1801 revocans
988 1734 1286 1818 gratiam.

388 1927 725 2005 Dominus,
768 1925 878 2008 qui
922 1931 1156 1990 cuncta
1198 1923 1403 2008 regit,

388 2033 676 2099 dontinus
690 2079 706 2110 ‚
749 2030 860 2114 qui
902 2038 1175 2099 mortem
1217 2029 1446 2114 fregit,

388 2137 708 2218 dontinus,
753 2135 862 2218 qui
907 2135 1111 2201 coelos
1156 2134 1354 2220 tegit,

385 2240 677 2308 dontinus
710 2238 819 2304 hic
863 2246 930 2304 te
972 2238 1193 2323 elegit,
1554 2236 1643 2302 20

388 2430 615 2498 Tecum
658 2436 762 2495 est
801 2436 994 2513 pater
1039 2428 1292 2494 coelitus
1305 2476 1326 2513 ,

388 2536 592 2602 tecum
638 2539 740 2598 est
781 2531 1180 2617 unigenitae,

385 2643 594 2706 tecum
640 2644 742 2703 est
785 2645 1049 2703 sanctus
1093 2636 1390 2722 spiritus,

388 2746 590 2810 tecum
631 2740 930 2808 Christus
977 2740 1361 2807 humanitus.

385 2919 726 2986 Benedicta
769 2917 1099 2985 credidisti
1113 2966 1132 3002 ,
1555 2919 1642 2981 25

386 3024 713 3091 benedicta
756 3024 1145 3110 concepisti,

386 3129 708 3196 benedicta
747 3130 1063 3215 peperisti
1079 3177 1098 3213 ,

385 3234 708 3302 benedicta
751 3234 1064 3300 enutristi.

388 3412 481 3479 Tu
514 3411 897 3495 angelorum
940 3412 1202 3495 regina,

381 3520 455 3583 tu
494 3515 718 3580 mortis
756 3533 829 3580 es
873 3512 1218 3597 medicina,
1550 3514 1636 3578 30

385 3624 455 3685 tu
500 3636 573 3683 es
616 3635 772 3683 rosa
815 3619 955 3683 sine
998 3618 1217 3702 spina,

381 3727 452 3789 tu
493 3739 613 3786 nos
655 3738 825 3788 voca
870 3718 952 3788 de
990 3722 1259 3786 sentina.

380 3902 463 3972 In
506 3910 697 3989 patre
740 3912 811 3971 tu
856 3926 928 3972 es
973 3904 1140 3989 filia,

379 4009 451 4075 in
498 4007 633 4073 filio
676 4017 885 4075 mater
926 4010 1068 4096 pia,

380 4112 451 4177 in
496 4110 724 4195 spiritu
769 4130 842 4176 es
886 4111 1130 4195 gratia,
1547 4113 1633 4175 35

381 4217 452 4282 in
495 4214 780 4280 trinitate
823 4214 1055 4281 media.

1744 418 2112 489 leiim-thus
2148 421 2460 505 prolata,

1744 523 2110 590 musterium
2151 523 2266 589 lux
2311 523 2500 607 data,

1742 626 2112 693 mulieribus
2154 645 2309 711 spes
2354 633 2581 711 grata,

1746 729 2110 799 meantibus
2152 749 2284 815 pax
2328 736 2492 794 rata.
2923 728 3012 793 4⁰

1747 919 1830 987 Et
1874 919 2025 1003 quia
2068 928 2137 984 tu
2184 937 2258 984 es
2300 918 2598 1004 perfecta
2684 998 2694 1007 ι

1748 1030 1808 1091 et
1844 1020 2088 1089 Christi
2120 1025 2313 1107 virgo
2348 1023 2582 1107 electa,

1746 1134 1812 1197 et
1852 1148 1927 1195 es
1968 1130 2157 1195 nobis
2196 1130 2308 1196 via
2350 1136 2537 1194 recta

1748 1240 1811 1301 et
1848 1253 1972 1317 per
2018 1241 2088 1298 te
2130 1233 2317 1299 labes
2362 1233 2642 1319 abjecta.

1747 1425 2115 1493 Benedictus
2152 1425 2546 1508 incarnatae,
2922 1423 3005 1489 45

1748 1529 2101 1596 benedictus
2143 1548 2226 1593 ex
2272 1535 2338 1593 te
2383 1536 2572 1593 natus
2585 1574 2605 1611 ,

1748 1633 2101 1699 benedictus
2146 1632 2327 1697 cruci
2368 1631 2579 1714 datus,

1746 1737 2104 1806 benedictus
2147 1738 2467 1805 elevatus.

1746 1928 2019 1995 Fructus
2062 1946 2136 1992 es
2182 1934 2452 1991 aeternae
2495 1925 2689 2008 vitae,

1743 2028 1989 2113 fructus
2033 2039 2105 2095 ut
2148 2032 2376 2097 botrus
2417 2032 2486 2094 in
2527 2032 2696 2115 vite,
2923 2034 3003 2099 50

1741 2134 1988 2220 [metus
2029 2151 2155 2218 pro
2202 2142 2268 2200 te
2314 2132 2679 2218 Sunamite,

1741 2237 2015 2324 fructus,
2059 2255 2187 2322 quo
2229 2258 2365 2322 pax
2410 2244 2513 2303 est
2552 2239 2621 2303 in
2663 2237 2800 2305 lite.

1753 2430 2014 2513 Ventris,
2061 2448 2190 2515 quo
2234 2439 2481 2517 pavent
2524 2430 2776 2516 Jndaei,

1745 2538 2004 2615 ventris,
2052 2553 2181 2619 quo
2227 2543 2295 2601 et
2331 2535 2687 2620 Pharisaei,

1743 2641 1980 2704 ventris
2024 2638 2199 2703 sacri
2237 2637 2550 2722 virginei,
2920 2642 3006 2707 55

1744 2743 2009 2819 ventris,
2053 2740 2164 2823 qui
2206 2747 2310 2806 est
2354 2742 2661 2828 templum
2701 2740 2831 2809 dei.

1752 2920 1868 2987 Tui
1909 2926 2011 2985 est
2052 2922 2283 2988 beatus
2325 2922 2608 3007 fructus,

1745 3027 1839 3091 ini
1879 3025 2128 3091 fructus
2175 3024 2300 3093 flos
2346 3028 2649 3112 eductus,

1743 3133 1837 3196 tui
1879 3129 2128 3195 fructus
2163 3130 2382 3215 perdit
2418 3131 2662 3214 luctus,

1740 3237 1835 3301 tui
1875 3234 2124 3300 fructus
2170 3234 2360 3302 sedat
2394 3234 2648 3302 fluctus.
2920 3236 3001 3302 60

1740 3414 1972 3480 Jltesns
2015 3414 2262 3481 fructus
2306 3415 2462 3480 vitae
2509 3414 2716 3480 dictus
2730 3463 2750 3499 ,

1740 3517 1974 3583 Jlaesus
2014 3536 2252 3601 passus
2296 3526 2365 3582 et
2408 3516 2717 3601 afflictus,

1740 3621 1974 3689 Jltesns
2018 3622 2211 3688 morti
2257 3629 2359 3687 est
2404 3622 2699 3688 addictus
2718 3669 2738 3706 ,

1740 3725 1973 3793 Jlaesus
2014 3726 2180 3791 vivit
2222 3726 2619 3792 benedictus.

1740 3922 1951 3986 amen,
1994 3923 2120 3971 nec
2160 3905 2328 3970 velis
2373 3906 2643 3989 obesse,
2916 3907 2999 3972 65

1739 4027 1956 4093 amen,
2003 4009 2126 4077 sed
2169 4011 2334 4075 velis
2378 4008 2731 4096 prodesse,

1738 4132 1926 4180 amen
1970 4121 2038 4179 et
2078 4114 2268 4180 nobis
2313 4114 2567 4197 adesse,

1738 4234 1924 4284 amen
1966 4219 2079 4303 pia
2121 4220 2314 4304 virga
2348 4219 2559 4286 Jesse.

559 4380 816 4453 Pap-Hs.
843 4379 948 4437 No.
982 4381 1070 4436 36.
1115 4380 1200 4436 Bl.
1229 4382 1298 4436 19
1332 4396 1447 4437 von
1482 4382 1805 4439 Reichenau
1838 4402 1909 4441 zu
1944 4386 2255 4443 Karlsruhe
2275 4428 2290 4459 ,
2342 4390 2410 4444 15
2444 4388 2642 4445 Jahrb.
2691 4388 2822 4459 (A).
2896 4385 2995 4444 Rs.

382 4484 454 4523 su
488 4468 844 4525 Lichtenthal
875 4484 1009 4525 vom
1043 4469 1187 4525 Jahr
1223 4470 1364 4525 1400
1397 4470 1535 4542 (Β),
1600 4471 1791 4527 werin
1830 4473 1922 4528 die
1955 4473 2348 4533 Ueberschrist
2383 4475 2590 4532 lautet:
2640 4475 2831 4532 oratio
2866 4490 3002 4547 per-

380 4552 619 4626 pulchra
672 4555 740 4610 de
793 4556 847 4612 b.
897 4555 1136 4631 virgine.
1207 4557 1304 4619 ns.
1352 4557 1454 4617 des
1511 4561 1582 4614 15
1632 4558 1829 4618 Jahrb.
1884 4578 1956 4619 zu
2009 4561 2070 4621 Β.
2126 4562 2272 4620 Paul
2327 4561 2387 4620 in
2438 4564 2711 4621 Karnten.
2761 4562 2873 4620 No.
2907 4564 2998 4618 44.

375 4637 482 4698 fel.
517 4642 588 4697 89
628 4643 755 4714 (C).
