3167 5242
380 268 514 341 14*

380 457 688 528 Animam
725 465 974 525 moestae
1015 460 1306 543 parentis
1453 442 1458 447 ’
1733 457 1847 526 Sic
1890 455 2193 542 deplorat
2233 459 2505 519 mortem
2546 452 2757 539 prolis
2774 498 2795 534 ‚

467 571 621 629 tunc
661 562 1078 647 pertransivit
1122 565 1339 630 acrius
1546 564 1629 632 10
1817 582 2006 647 quam
2050 556 2527 644 blasphemavit
2571 556 2859 642 populus
2877 605 2898 641 ,

371 663 569 750 juxta
610 666 879 730 verbum
924 660 1271 748 Symeonis
1733 666 1909 732 solus
1952 671 2099 730 erat
2133 661 2508 729 consolator
2902 657 2986 724 15

468 769 935 853 compassionis
979 767 1256 852 gladius.
1820 768 1964 852 ejus
2009 774 2227 833 custos
2273 762 2644 848 discipulus.

559 989 681 1046 Ans
713 986 1016 1043 denselben
1051 988 1359 1060 Tagzeiten
1395 987 1452 1042 in
1489 987 1592 1043 der
1624 986 1938 1043 namlichen
1972 986 2068 1043 Es.
2103 987 2156 1041 A
2191 984 2276 1040 Bl.
2311 987 2433 1040 12⁷.
2480 984 2569 1038 als
2607 982 2781 1038 lectio
2819 982 2987 1038 iiber-

378 1074 704 1144 nchrieben,
757 1075 872 1131 wie
916 1075 1062 1129 auch
1110 1075 1200 1130 die
1237 1075 1438 1131 beiden
1470 1072 1780 1148 folgenden
1813 1074 2031 1131 [jeder.
2100 1073 2259 1131 Auch
2294 1072 2354 1127 in
2388 1072 2454 1143 B,
2488 1072 2623 1140 146,
2677 1070 2737 1125 in
2772 1069 2818 1128 G
2857 1070 2970 1125 und

378 1164 446 1234 D,
482 1164 567 1223 68.

555 1304 593 1356 ll·
627 1316 848 1359 sacrum
884 1300 1041 1359 Bcn.
1110 1303 1144 1354 5
1185 1317 1348 1372 quam
1381 1300 1459 1372 pl.
1493 1302 1557 1356 A.
1629 1303 1680 1355 5.
1695 1302 1732 1357 6
1765 1297 1957 1357 fehlen
1992 1298 2051 1354 in
2077 1298 2141 1368 D,
2177 1299 2437 1371 dagegen
2461 1296 2653 1353 lauten
2680 1298 2733 1349 7.
2756 1296 2793 1352 8
2826 1295 2955 1351 also
2969 1311 2989 1351 τ

382 1402 450 1444 se
475 1404 578 1444 cor
602 1385 760 1444 ferre
786 1388 1193 1457 contristatum,
1231 1404 1488 1444 sermone
1524 1392 1803 1444 monstrat
1826 1386 2080 1460 querulo.
2134 1386 2169 1440 6
2204 1385 2360 1441 luctu
2394 1384 2510 1454 AB,
2544 1382 2623 1439 ist
2657 1398 2849 1456 gegen
2884 1383 2985 1439 das
3081 1382 3094 1393 '

379 1475 694 1531 Versmass.
765 1478 801 1528 7
841 1476 1147 1531 cruciatum
1190 1477 1255 1531 A.
1336 1477 1372 1531 8
1408 1491 1613 1530 caesum
1645 1477 1711 1531 A.
1801 1477 1851 1530 9.
1887 1476 1956 1529 10
2003 1473 2129 1529 sind
2160 1473 2221 1527 in
2256 1474 2302 1527 D
2339 1488 2407 1528 so
2440 1470 2789 1527 verdorhen:
2853 1474 2986 1525 tunc

377 1565 752 1637 pertransivit
784 1564 1078 1637 genitricis
1114 1565 1354 1620 animam
1390 1580 1631 1623 amarus,
1704 1567 1768 1618 11
1808 1568 2048 1637 tangens
2083 1562 2290 1618 dictum
2325 1560 2604 1618 Simeonis
2640 1561 2701 1616 D.
2777 1559 2848 1612 12
2875 1557 2983 1612 heu

378 1652 672 1725 passionis
709 1648 816 1709 Bc.
888 1654 956 1707 13
997 1653 1122 1706 dum
1158 1652 1354 1723 plorat
1388 1651 1494 1709 Bc.
1567 1652 1777 1707 13--16
1812 1651 2004 1706 lauten
2038 1650 2096 1704 in
2129 1649 2179 1704 D

450 1737 632 1811 ipsum
666 1738 736 1810 (1.
761 1746 958 1812 quam)
992 1735 1216 1795 flentem
1251 1744 1440 1797 natum
1475 1754 1664 1795 saevus
1874 1737 2203 1794 consolatur
2238 1737 2396 1792 solus
2433 1735 2560 1809 ejus

523 1842 686 1897 quem
717 1823 994 1882 crucifixit
1026 1826 1268 1897 populus
1932 1830 2124 1881 custos
2157 1823 2296 1881 Jesn
2330 1822 2651 1894 discipulus.

378 1918 451 1972 14
483 1931 644 1987 quem
679 1915 742 1971 G.
783 1916 882 1971 ·16
917 1921 977 1972 et
1010 1916 1145 1971 disc.
1179 1916 1242 1973 G.

552 2057 619 2114 V.
657 2061 687 2113 1
704 2063 832 2117 —3.
885 2059 962 2124 ὦς
1014 2058 1244 2138 ἑώρακε,
1297 2057 1466 2136 κύριε,
1490 2056 1545 2131 ἤ
1583 2061 1871 2136 παρθένος
1907 2062 2000 2115 καὶ
2033 2055 2208 2136 μητὴρ
2250 2018 2353 2116 <ron
2399 2058 2456 2115 ἐν
2502 2057 2728 2134 σταυρῷ
2777 2053 2983 2132 κρεμά·

376 2138 568 2220 μονον.
591 2146 915 2225 ἑπωδύρετο.
968 2148 1089 2206 Oct.
1124 2150 1179 2203 3.

555 2254 623 2309 V.
659 2255 874 2310 9—12.
928 2255 1209 2327 ῥομφαία,
1259 2242 1338 2316 ’ὥς
1370 2255 1566 2324 ἔφησεν
1606 2249 1638 2308 ὅ
1674 2252 1936 2324 Συμεών,
1988 2251 2084 2323 τὴν
2117 2252 2350 2329 καρδίαν
2402 2248 2496 2323 τὴν
2530 2250 2635 2323 σὴν
2669 2246 2985 2322 διελήλυθε,
3062 2273 3069 2277 ·

378 2347 622 2420 παναγέσι
658 2342 936 2399 δέσποινα.
998 2342 1120 2399 oct.
1157 2341 1208 2396 6.

1339 2728 1515 2804 442.
1581 2729 1698 2802 De
1750 2726 2018 2803 eodem.

377 2964 541 3034 Omn
586 2966 670 3031 de
715 2984 909 3032 cruce
954 2964 1297 3050 deponitur
1313 3020 1334 3051 ,
1481 2943 1508 2969 ’
1727 2966 1891 3034 Mihi
1934 2984 2145 3030 meum
2179 2966 2579 3032 carissimum

463 3071 550 3138 ad
595 3070 901 3136 tumulum
941 3079 1269 3157 portatur,
1543 3056 1546 3059 “
1814 3069 2197 3135 subtrahere
2240 3071 2472 3156 nolite,
2900 3072 2983 3137 10

373 3175 548 3242 inter
592 3174 856 3240 dolores
900 3176 1128 3241 anxios
1728 3174 1785 3238 si
1826 3172 2092 3256 sepeliri
2136 3171 2373 3239 debeat

415 3304 422 3310 ·
459 3287 800 3366 portantes
843 3281 940 3346 sic
982 3288 1322 3365 precatur:
1813 3298 1916 3344 me
1960 3296 2180 3345 secum
2224 3278 2530 3365 sepelite!
2547 3274 2585 3312 “

369 3464 738 3552 „Sustinete
756 3515 774 3551 ,
823 3466 999 3553 quod
1042 3469 1372 3553 paululum
1513 3457 1520 3463 ⁸
1580 3474 1620 3536 5
1725 3464 2032 3534 Accessit
2074 3466 2171 3533 sic
2213 3467 2573 3552 exanimis,-

463 3567 757 3633 dolorem
798 3589 1008 3637 meum
1050 3570 1388 3656 plangam,
1813 3590 1886 3637 se
1929 3590 2127 3656 super
2172 3588 2413 3656 corpus
2451 3570 2647 3657 jecit,

373 3682 444 3740 et
487 3672 662 3757 quod
703 3694 911 3741 meum
956 3676 1390 3743 dulcissimum
1726 3685 1796 3743 et
1838 3696 2091 3743 sacrum
2134 3676 2381 3742 vultum
2415 3675 2698 3742 lacrimis
2895 3679 2975 3742 15

459 3777 801 3844 deosculer
844 3789 911 3845 et
953 3787 1238 3866 tangam.
1579 3810 1582 3815 ·
1811 3781 2086 3848 ubertim
2129 3780 2491 3847 madefecit.
2530 3868 2535 3875 ἠ

553 3966 821 4026 naselbst
851 3968 921 4039 Α,
956 3968 1044 4025 Βι.
1083 3971 1202 4026 127.
1237 3970 1302 4040 B,
1337 3970 1454 4026 ιω.
1493 3970 1560 4041 n,
1595 3970 1681 4038 oa.

552 4107 582 4159 1
633 4104 762 4161 dum
815 4106 895 4177 C,
951 4106 1022 4163 de
1058 4122 1222 4163 cruce
1258 4108 1481 4180 quando
1515 4108 1599 4180 D,
1651 4109 1870 4181 positus
1906 4110 2009 4179 B„
2059 4111 2096 4165 3
2130 4105 2427 4173 confestim
2462 4106 2591 4182 ejus
2617 4107 2869 4179 genitrix
2901 4107 2971 4165 D.

369 4194 410 4250 4
443 4191 652 4249 affatur
689 4194 753 4249 Β.
825 4197 858 4248 5
895 4194 1043 4267 qnod
1080 4197 1233 4251 steht
1266 4194 1342 4250 im
1375 4194 1683 4269 folgenden
1716 4197 1896 4252 Verse
1933 4197 1978 4253 C
1992 4238 2006 4266 ,
2059 4196 2152 4251 hic
2187 4212 2232 4259 s.
2263 4195 2414 4267 paul.
2448 4195 2510 4253 D.
2580 4195 2615 4249 6
2656 4200 2719 4251 ut
2754 4195 2870 4253 dol.
2905 4195 2969 4253 D.

370 4283 408 4337 ⁷
444 4286 505 4337 et
540 4296 719 4336 meum
753 4280 1172 4339 dilectissimum
1205 4285 1280 4354 G,
1337 4283 1489 4354 quod
1533 4298 1714 4340 meum
1762 4300 1955 4341 carum
1988 4281 2163 4340 fllium
2197 4282 2263 4340 D.
2359 4284 2393 4340 8
2429 4282 2656 4339 osculer
2690 4285 2771 4353 A,
2832 4288 2894 4339 et
2926 4287 2968 4338 t.

371 4363 518 4424 fehlt
553 4368 613 4426 G.
683 4369 719 4424 9
754 4368 1172 4427 dilectissimum
1206 4370 1268 4440 G,
1304 4370 1564 4437 dilectum
1599 4371 1733 4426 mihi
1768 4367 1945 4427 filium
1977 4373 2038 4427 D.
2109 4374 2178 4428 14
2202 4387 2376 4443 supra
2409 4372 2473 4427 D.
2514 4372 2611 4427 ‘15
2647 4386 2860 4444 corpus
2895 4371 2963 4440 A.

375 4454 596 4513 vultum
630 4457 827 4530 rigans
863 4458 927 4514 D.
1000 4459 1070 4514 16
1100 4458 1344 4531 rigando
1377 4475 1447 4516 m.
1483 4458 1543 4531 G,
1578 4458 1828 4515 lacrimis
1862 4476 1934 4516 m.
1975 4461 2040 4516 D.

546 4595 616 4652 V.
649 4599 699 4651 7.
754 4597 1125 4657 dulcissimum
1138 4640 1154 4670 ,
1190 4600 1333 4683 anch
1367 4616 1435 4656 so
1472 4600 1567 4656 bei
1603 4600 1710 4656 den
1745 4600 2046 4675 Griechen,
2093 4602 2278 4659 τέκνον
2314 4598 2657 4674 γλυκύτατον.
2722 4597 2891 4656 Febr.
2924 4599 2977 4654 9.

363 4681 598 4743 Konmt
629 4683 765 4742 sehr
798 4683 889 4743 oft
918 4702 1044 4745 vor.
1107 4686 1247 4746 Sieh
1280 4688 1429 4748 oben
1460 4687 1679 4750 8:136.
