3167 5242
144 461 453 547 palatium
491 462 632 526 veri
675 458 933 546 pacifici
950 510 969 546 ,

145 565 358 634 cubile
403 566 685 632 coelestis
730 565 969 650 sponsi.
1046 582 1180 630 ora.

141 748 216 816 S.
263 751 350 816 Μ.
398 752 641 818 intacta
1306 754 1390 818 35

140 855 338 937 virgo
379 857 758 942 incorrupta
772 906 790 942 ‚

144 975 348 1041 super
396 974 619 1024 omnes

142 1060 452 1127 mulieres

149 1164 514 1231 benedicta.
577 1183 711 1233 ora.

139 1352 214 1421 S.
262 1355 350 1420 M.
423 1357 726 1424 melliflua
797 1357 1129 1426 miseratio
1197 1359 1394 1425 mise-

956 1483 1208 1549 rorum,
1306 1467 1390 1531 40

138 1561 335 1630 dulce
381 1566 670 1632 solamen
716 1567 1118 1639 afflictorum.
1177 1587 1311 1636 ora.

138 1751 211 1818 S.
258 1755 350 1820 M.
396 1755 602 1820 virtus
649 1753 1003 1842 fragilium,

139 1859 510 1923 constantia
554 1861 992 1942 trementium,

138 1963 461 2031 fortitudo
503 1966 946 2033 laborantium.
1015 1986 1150 2035 ora.

137 2151 213 2218 S.
259 2151 352 2218 Μ.
397 2154 741 2222 benedicta
781 2139 1132 2241 protectio'
1307 2162 1391 2227 45

136 2257 406 2323 humani
447 2260 744 2344 generiS,

136 2367 374 2445 portus
420 2367 488 2423 et
530 2363 859 2446 susceptio

139 2464 232 2534 ad
267 2472 335 2529 te
382 2465 918 2552 confugientium,

137 2589 412 2635 aureum
458 2571 922 2639 misericordiae

140 2675 693 2759 propiciatorium.
755 2694 890 2742 ora.
1311 2678 1396 2743 50

141 2859 213 2952 S.
259 2863 351 2928 M.
398 2862 511 2927 via
553 2864 708 2928 vitae
724 2913 741 2946 ‚

141 2987 349 3034 causa
392 2969 555 3050 viae,

145 3070 356 3135 omnis
403 3069 557 3135 boni
602 3069 809 3153 copia.
876 3086 1011 3134 ora.

147 3257 215 3326 S.
261 3260 350 3324 M.
399 3260 544 3326 laus
589 3261 938 3326 animarum

145 3373 553 3446 sanctarum,
1313 3364 1395 3427 55

145 3487 300 3552 spes
346 3488 609 3534 reorum
626 3517 644 3553 ,

146 3592 264 3656 pes
307 3575 683 3660 lapsorum,
823 3565 830 3572 ’

152 3679 531 3747 indeficiens
592 3679 899 3762 gaudium
958 3678 1351 3763 angelorum.

966 3800 1099 3848 ora.

158 3969 228 4036 S.
263 3973 351 4038 Μ.
397 3981 606 4039 mater
649 3971 930 4056 luminis,

161 4079 466 4160 templum
509 4078 654 4143 veri
697 4076 1001 4162 numinis,
1316 4077 1401 4141 60

161 4180 376 4242 nutrix
419 4181 646 4246 summi
690 4179 944 4244 domini.
1007 4197 1141 4245 ora.

163 4363 239 4431 S.
283 4366 371 4433 M.
417 4390 561 4453 qnae
606 4369 798 4437 stella
840 4367 1076 4452 solem,

169 4470 359 4553 virgo
402 4495 678 4568 generas
721 4475 1005 4561 prolem,

2619 265 2755 341 κί’

1498 458 1567 526 S.
1616 459 1702 525 Μ.
1750 478 1897 544 quae
1940 459 2237 527 haustum
2279 462 2503 549 faecis,
2662 461 2755 528 65

1499 569 1759 646 gustum
1805 563 1984 627 necis

1498 672 1729 731 sancto
1756 674 1948 750 partu
1966 675 2079 734 ,tuo
2098 667 2555 736 exterminasti.
2601 673 2749 738 ora.

1496 853 1567 921 S.
1612 856 1701 921 M.
1747 876 1831 921 ex
1877 877 2003 942 qua
2043 858 2199 923 vitae
2242 861 2499 944 botrus,

1498 966 1728 1024 auctor
1770 961 1952 1045 pacis
1995 962 2273 1046 prodiit,

1498 1068 1566 1127 et
1609 1070 1675 1127 te
1720 1062 1884 1129 duce
1928 1065 2152 1149 pulsus
2658 1067 2697 1130 '1
2701 1065 2751 1132 0

1496 1166 1645 1233 luce
1688 1176 2000 1252 peccator
2042 1168 2252 1234 rediit.
2311 1186 2447 1235 ora.

1497 1355 1567 1423 S.
1612 1357 1701 1422 M.
1747 1378 2002 1442 gemma
2046 1357 2403 1443 pudicitiae,

1498 1479 1724 1526 norma
1757 1461 2072 1547 justitiae,

1496 1572 1705 1631 mater
1748 1561 1952 1648 prolis

1497 1667 1726 1733 aeterni
1771 1667 1966 1751 regis.
2031 1685 2166 1732 ora.
2661 1661 2751 1733 ‘15

1498 1827 1569 1894 S.
1614 1829 1704 1894 Μ.
1750 1848 1895 1913 quae
1940 1826 2369 1914 Theophilum

1499 1937 1760 2005 diabolo
1803 1939 2237 2022 mancipatum

1497 2047 1801 2125 potenter
1846 2039 2175 2122 eripuisti,

1497 2151 1564 2206 et
1610 2141 1752 2205 aliis
1798 2160 2000 2223 quam·
2038 2140 2328 2225 plurimis

1495 2263 1688 2329 paene
1735 2242 2099 2325 desperatis
2659 2242 2752 2310 8⁰

1498 2350 1891 2415 succurristi.
1940 2366 2095 2432 ‚oi-a.

1499 2512 1569 2579 S.
1616 2515 1705 2580 M.
1751 2534 1835 2578 ex
1880 2533 2009 2596 qua
2053 2513 2229 2578 salus
2276 2513 2511 2595 oritur,

1497 2640 1622 2706 per
1665 2637 1855 2702 quam
1901 2618 2093 2704 culpa
2138 2615 2437 2700 moritur,

1500 2742 1654 2808 spes
1698 2721 1940 2787 homini
1982 2728 2403 2785 restauratur.
2460 2737 2597 2786 ora.

1499 2909 1569 2976 S.
1612 2912 1700 2976 M.
1747 2930 1892 2993 quae
1938 2909 2250 2975 castitatis
2293 2908 2496 2972 lilium
2663 2905 2757 2972 8⁵

1502 3013 1783 3097 genuisti
1825 3012 2075 3075 miseris
2120 3012 2185 3074 in
2231 3010 2553 3074 auxilium.
2607 3025 2757 3074 ora.

1501 3198 1571 3266 S.
1618 3201 1706 3265 M.
1752 3207 1823 3263 tu
1866 3198 2121 3261 firmata
2166 3197 2232 3259 in
2277 3193 2475 3280 Sion,

1502 3306 1696 3388 virga
1740 3303 1981 3368 florens
2019 3297 2283 3384 Aaron„

1499 3407 1827 3474 madidum
1869 3406 2079 3470 vellus
2126 3402 2414 3469 Gedeon.
2477 3421 2613 3469 ora.

1500 3598 1569 3664 S.
1615 3598 1703 3663 M.
1751 3616 1896 3681 quae
1940 3599 2131 3681 parvi
2176 3604 2245 3662 et
2285 3595 2504 3681 magui
2665 3596 2753 3663 90

1500 3705 1851 3770 salvatoris
1898 3702 2141 3768 Christi

1505 3807 1810 3892 templum
1856 3807 2124 3871 extitisti

1503 3919 1569 3976 et
1587 3913 1778 3995 virgo
1807 3912 2118 3977 inviolata
2134 3907 2560 3995 permansisti.
2607 3922 2745 3972 ora.

1505 4101 1573 4169 S.
1619 4102 1707 4167 M.
1753 4110 1824 4167 tu
1869 4101 2049 4166 floris
2097 4107 2164 4165 et
2208 4095 2441 4182 roris,'

1502 4207 1692 4292 panis
1738 4215 1805 4271 et
1845 4206 2163 4289 pastoris,
2668 4200 2755 4268 95

1505 4311 1828 4393 virginum
1870 4311 2135 4393 regina,

1504 4429 1660 4477 rosa
1702 4412 1845 4476 sine
1888 4412 2092 4494 spina.
2159 4426 2297 4473 ora.

169 4571 361 4654 Virga
403 4573 724 4650 Christum
775 4563 1128 4665 germinas
1157 4576 1403 4645 florem.
1506 4573 1576 4642 S.
1629 4575 1721 4643 M.
1810 4593 2005 4659 quam
2073 4569 2400 4638 collaudat
2470 4570 2754 4639 coelestis

997 4701 1138 4750 01⁸8.

2363 4674 2577 4763 curia,
