3167 5242
384 480 599 535 konnte
634 478 733 532 des
767 475 976 531 verses
1010 490 1218 548 wegen
1252 474 1630 547 wegbleiben.
1701 477 1772 530 44
1806 474 1896 531 dei
1930 478 1992 529 et
2024 476 2076 531 h.
2111 475 2233 545 Bo,
2269 490 2454 548 gegen
2491 474 2634 540 Sinn
2670 475 2784 530 und
2822 473 3017 530 Vera.

387 568 440 624 A
475 563 606 639 fiigt
640 581 729 621 am
768 563 1042 619 Schlusse
1078 563 1196 618 bei:
1255 579 1429 618 amen.
1464 563 1631 634 kyrie
1668 563 1899 619 eleison.

563 688 632 743 V.
668 689 720 741 3.
771 685 1137 741 admirabilia.
1189 686 1387 754 ἔτεκες,
1425 682 1691 754 Querens,
1743 683 2146 763 ‹inflammo-mc
2180 683 2321 741 θεὸν
2356 683 2529 758 ἡμῶν.
2597 685 2832 742 ΟοίοεοΙι.
2870 688 3008 742 145.

387 776 537 831 Deus
583 774 731 829 scite
779 772 937 829 solus
985 776 1178 843 potest
1212 777 1273 828 et
1306 771 1566 827 revelare
1603 778 1841 828 secreta.
1893 772 2124 828 Laetam.
2159 773 2229 828 de
2265 772 2356 827 ira
2388 772 2509 842 dei,
2557 775 2612 827 1.
2685 767 3010 847 ἀφράστως

387 865 814 938 σεσαρκωμέυοε.
848 862 1101 916 Paraclet.
1139 861 1222 915 16.
1291 858 1419 917 οὐδὲ
1455 856 1590 932 αὐτὴ
1628 856 1661 931 ἦ
1696 860 2055 936 κυοφοροῦσα
2089 862 2382 936 παρθένος
2416 857 2534 934 ᾔδει
2560 856 2661 916 τοῦ
2684 867 3006 937 μυστηρίου

385 950 448 1026 ’ζό
487 947 806 1023 ἀπόῤῥητον.
845 947 1096 1019 Chrysosl.
1131 947 1190 1002 in
1226 963 1311 1018 ps.
1345 949 1432 1015 49,
1473 950 1515 1002 1.
1586 947 1857 1003 Derselbe
1893 953 2026 1021 sagt
2060 948 2118 1003 iu
2152 964 2237 1020 ps.
2276 949 2363 1017 49,
2382 950 2434 1018 2,
2472 948 2617 1014 auch
2653 945 2754 1002 der
2790 945 3004 1004 Teusel

384 1023 536 1094 habe
567 1037 669 1092 das
706 1035 1047 1093 Geheimniss
1083 1033 1183 1090 der
1217 1035 1721 1108 menschwerdung
1756 1035 1969 1092 Christi
2004 1036 2162 1091 nicht
2204 1040 2486 1112 gewasst,
2534 1039 2697 1090 sonst
2730 1035 2888 1093 bitte
2932 1051 3004 1091 er

385 1124 483 1182 ihn
517 1125 611 1180 bei
645 1125 747 1179 der
782 1123 1149 1194 Versuchung
1183 1121 1338 1176 nicht
1371 1118 1627 1195 gefragt,
1661 1121 1734 1177 ob
1771 1138 1837 1177 er
1871 1122 2081 1179 Gottes·
2109 1122 2272 1179 Sohn
2307 1139 2426 1194 sey.
2486 1121 2617 1195 Vgl.
2654 1122 2761 1180 Nu.
2796 1125 2923 1192 321,
2948 1127 3001 1179 1.

563 1209 634 1266 V.
670 1213 756 1266 25.
810 1211 872 1266 σὲ
908 1207 1164 1286 προορῶν
1200 1207 1461 1281 Σολομῶν
1503 1210 1559 1264 ἐν
1595 1217 1709 1271 τοῖς
1746 1207 1976 1282 ᾄσμασι.
2028 1209 2184 1281 Sept.
2223 1211 2271 1265 9.

562 1299 626 1353 V.
657 1299 745 1353 39.
800 1298 929 1372 Vgl.
966 1297 1071 1352 No.
1111 1299 1196 1366 52,
1232 1297 1317 1350 61.
1381 1296 1591 1352 Dorum
1641 1296 1791 1352 wird
1856 1297 1940 1354 sie
1992 1295 2139 1353 auch
2191 1297 2290 1354 mit
2350 1298 2480 1353 dem
2526 1295 2801 1370 Frafing
2860 1313 3001 1354 vor-

389 1385 631 1462 glhhou.
683 1387 789 1442 No.
826 1388 949 1455 508,
981 1386 1107 1440 236.

559 1474 624 1528 V.
659 1476 747 1529 44.
799 1473 1192 1529 dei-hominis.
1246 1473 1348 1527 Die
1384 1472 1979 1528 Gottmenschlichkeit
2015 1472 2226 1529 Christi
2264 1472 2415 1529 wird
2449 1474 2523 1530 im
2553 1473 2886 1532 Octoedaso.
2922 1492 2997 1534 so

389 1561 793 1634 ausgedriickt:
856 1558 1207 1634 σαρκοφὸρος
1241 1559 1380 1624 θεὸς
1429 1564 1518 1615 καὶ
1563 1559 1764 1636 βροτὸς
1810 1559 2159 1637 ὑπερούσιος.
2233 1562 2414 1617 Homo
2469 1560 2543 1616 ad
2588 1562 2999 1618 beatitudinem

389 1650 549 1721 sequi
582 1666 694 1705 non
732 1649 974 1704 debebat
1009 1648 1117 1703 nisi
1151 1646 1333 1717 deum,
1365 1652 1425 1704 et
1458 1648 1668 1704 sentire
1703 1664 1816 1704 non
1849 1653 2082 1719 poterat
2115 1649 2306 1720 deum;
2367 1650 2654 1719 sequendo
2691 1649 2855 1703 deum
2890 1649 3000 1704 ho-

388 1739 590 1795 minem
625 1737 834 1794 factum
869 1741 1198 1808 sequeretur
1234 1737 1401 1793 simul
1434 1743 1493 1793 et
1528 1753 1690 1809 quem
1725 1739 1935 1793 sentire
1967 1742 2197 1808 poterat
2232 1744 2290 1794 et
2327 1753 2489 1809 quem
2527 1737 2689 1809 sequi
2738 1736 3001 1792 debebat.

391 1829 653 1900 Aeque-stin.
688 1827 756 1881 de
795 1826 922 1881 trin.
960 1828 1013 1897 7,
1046 1827 1096 1881 5.

564 1914 631 1969 V.
666 1917 751 1969 47.
803 1921 1149 1970 πεπτωκυῖαν
1186 1910 1487 1984 ἆνάστησον
1522 1911 1618 1984 τὴν
1653 1907 1855 1986 ψυχήν.
1892 1914 2031 1985 Apr.
2066 1914 2152 1967 10.

1298 2248 1471 2323 516.
1541 2247 1660 2320 De
1714 2273 1771 2320 s.
1812 2247 2067 2322 Maria.

804 2470 1041 2537 Nititur
1083 2469 1374 2553 ignotum
1417 2489 1564 2534 mea
1610 2488 1790 2537 mens
1835 2471 2169 2557 expellere
2210 2480 2431 2538 votum
2445 2521 2464 2558 ,

804 2576 995 2659 virgo
1040 2574 1147 2639 dei
1189 2573 1505 2657 genitrix,
1547 2594 1695 2641 mea
1728 2593 1913 2659 speS,
1957 2596 2103 2640 mea
2139 2577 2570 2662 consiliatrix,

805 2679 1157 2762 deprecor,
1204 2677 1440 2756 exaudi
1485 2678 1786 2745 miserm
1812 2727 1830 2763 ,
1877 2680 1987 2764 qui
2021 2681 2307 2765 postulat
2348 2682 2531 2764 audi,

803 2783 1099 2846 sensibus
1145 2789 1383 2863 augeto
1429 2800 1687 2846 sensum
1730 2784 2162 2867 precibusque
2206 2784 2446 2851 faveto.

803 2884 962 2948 felix
1006 2883 1394 2968 gaudentem
1437 2885 1759 2951 miserum.
1783 2895 1847 2952 te
1891 2888 1998 2954 fac
2040 2887 2387 2972 sitientem,
2948 2896 2992 2958 5

897 2989 1167 3072 languet
1211 3007 1432 3055 amore
1476 2997 1619 3073 tuo,
1664 2990 1890 3057 suffice
1932 2991 2107 3056 velle
2150 3009 2285 3058 suo.

387 3180 613 3248 Mente
658 3177 953 3262 gaudens
996 3177 1375 3263 praedicabo
1737 3176 1891 3245 Ave
1933 3180 2089 3245 solis
2132 3179 2375 3246 florens
2418 3182 2670 3268 hortus,

388 3284 495 3350 dei
537 3290 805 3350 matrem
851 3289 918 3347 et
961 3281 1275 3365 laudabo,
1738 3285 1929 3349 stella
1971 3287 2166 3350 maris
2183 3335 2200 3369 ,
2246 3294 2419 3352 tutus
2458 3297 2723 3373 portus,

387 3390 492 3456 cui
535 3385 795 3451 laudem
840 3386 1236 3470 decantabo,
1824 3395 2082 3473 optatus
2126 3409 2385 3475 semper
2425 3400 2637 3476 potus.

385 3500 593 3557 mater
637 3491 788 3556 audi
834 3498 901 3555 et
944 3490 1213 3573 exaudi,
1299 3501 1302 3510 ·
1550 3490 1630 3554 10

469 3593 598 3657 mei
638 3594 987 3675 miserere3
1732 3575 1886 3644 Ave
1930 3597 2178 3646 morum
2222 3579 2593 3666 disciplina,

383 3719 487 3764 me
530 3718 700 3764 nunc
745 3707 971 3780 cerne,
1015 3715 1142 3763 nec
1183 3696 1312 3761 hoc
1355 3715 1596 3781 sperne
1734 3689 1804 3747 tu
1850 3682 2159 3748 Ooelorum
2202 3702 2275 3749 es
2318 3688 2551 3767 regina
2896 3690 2983 3754 25

385 3822 647 3870 carmen
691 3802 784 3870 tui
828 3800 1045 3867 famuli
1066 3850 1084 3885 ‚
1735 3791 1805 3850 et
1848 3782 2143 3851 dolorum
2183 3786 2519 3852 medicina.

383 3906 462 3973 N.
507 3907 862 3973 miserrimi.

385 4065 392 4074 ,
1734 3974 1888 4043 Ave
1930 3978 2123 4062 virgo
2166 3978 2525 4062 puellarum
2538 4028 2557 4063 ,

383 4093 537 4170 Ave
579 4100 770 4184 virgo
816 4099 1243 4186 desponsata,
1550 4103 1630 4164 15
1735 4079 1847 4147 lux
1894 4089 2263 4148 sanctorum
2307 4090 2373 4148 et
2416 4083 2816 4172 sanctarum,

386 4202 493 4268 dei
535 4212 743 4269 mater
785 4213 1182 4289 praenotata,
1818 4204 1940 4274 1²0¹·
1983 4191 2050 4249 ῐθ
2096 4194 2396 4252 θῐθδθῦῑὶῐ

470 4307 662 4392 virgo
705 4308 970 4375 illibata,
1819 4288 2018 4356 flores
2032 4338 2052 4374 ,
2096 4309 2221 4356 nec
2264 4301 2684 4359 marcescunt.
2895 4293 2981 4359 30

385 4493 537 4565 Ave
580 4500 794 4565 lumen
838 4496 1213 4583 Symeonis,
1733 4497 1887 4569 Ave
1928 4519 2085 4568 rosa
2126 4503 2470 4588 speciosa,

386 4601 597 4666 vellus
641 4603 909 4668 madens
957 4603 1320 4686 Gedeonis,
1733 4625 1987 4690 gemma
2028 4607 2288 4690 fulgens
2333 4610 2655 4693 pretiosa,

381 4717 627 4788 sponsa
666 4705 953 4790 prudens
989 4705 1374 4774 Salomonis.
1543 4710 1630 4778 20
1732 4709 1925 4793 virga
1963 4707 2158 4778 «lesse
2198 4710 2551 4780 fluctuosa.
