3167 5242
404 401 670 482 ἀγκάλαις
718 400 942 478 νήματι
992 401 1085 458 τὸν
1132 404 1372 477 φέροντα
1422 400 1492 456 τὰ
1547 397 1740 458 πάντα
1792 400 1972 471 April.
2009 401 2092 454 17.
2165 400 2352 475 φέροις
2386 402 2548 474 χερσὶ
2583 397 2652 454 τὰ
2689 395 2886 454 πάντα
2926 401 3035 470 φέ-

405 510 586 568 ροντα.
657 489 868 547 Solche
918 488 1268 564 Gegensitze
1315 486 1550 544 vui-den
1593 488 1669 543 im
1701 485 2094 544 Lateinischen
2142 486 2287 541 auch
2334 503 2404 541 zu
2450 485 2725 542 Rathselu
2762 486 3032 556 benutzt,

405 594 618 635 wovon
663 577 756 631 ich
801 576 892 630 ein
926 575 1178 648 Beispiel
1212 592 1315 631 aus
1349 575 1584 632 meinem
1618 575 1899 649 Anzeiger
1943 575 2070 630 hier
2102 573 2481 643 wiederhole‚
2544 574 2798 629 welches
2837 574 3032 632 Maria

403 663 636 722 bem&
816 752 907 810 Me
941 751 1109 806 video
1144 755 1408 822 matrem,
1446 752 1677 823 pariens
1711 750 1833 806 sine
1869 750 2099 806 crimine
2132 755 2378 821 patrem,
2407 742 2413 748 ’

896 844 1099 897 cuncta
1133 840 1486 896 coercentem
1521 844 1689 895 teneo
1703 879 1719 910 ‚
1756 842 1912 896 tenet
1944 838 2069 910 ipse
2107 842 2399 896 tenentem.

577 947 645 1002 V.
680 949 768 1003 20.
815 946 994 1002 moles
1046 944 1346 1014 scelerum,
1400 942 1607 1022 φόρτος
1660 942 1961 1020 &pontefit-
2023 943 2152 1001 Jun.
2208 944 2258 999 8.
2358 941 2465 999 τῶν
2517 939 2696 998 κακῶν
2750 941 2819 996 τὸ
2876 942 3031 1019 fiae&

365 1039 372 1045 ’
402 1032 646 1112 φόρτιον.
693 1035 854 1091 Mart.
889 1037 980 1089 23.

583 1140 648 1195 V.
682 1142 771 1197 w.
819 1141 972 1203 τέλος
1005 1159 1104 1212 μοι
1138 1137 1376 1215 χρηστὸν
1410 1140 1828 1214 προσγενέσθαι
1865 1137 2147 1214 apicem.
2197 1137 2332 1208 Apr.
2369 1137 2451 1191 16.

1017 1492 1190 1567 568.
1257 1476 1432 1566 Alia
1480 1493 1709 1569 oratio
1758 1489 1847 1563 de
1899 1488 1973 1562 b.
2022 1516 2088 1561 v·
2135 1489 2387 1561 Maria.

405 1730 617 1799 Jhesu
662 1729 953 1813 Christe,
996 1752 1119 1818 per
1163 1754 1356 1817 quem
1397 1736 1522 1802 iste
1763 1738 1830 1796 et
1871 1728 2125 1796 illustra
2169 1727 2371 1794 corda
2414 1736 2639 1794 nostra
2946 1732 3022 1794 15

496 1833 771 1898 mundus
813 1834 1087 1919 primum
1129 1836 1341 1903 factus
1385 1845 1521 1923 est,
1846 1841 1960 1898 tuo
2004 1838 2231 1897 sancto
2277 1832 2527 1918 spiritu.
2814 1869 2821 1874 ·

407 1936 848 2021 homo-deus,
894 1959 1016 2023 per
1063 1959 1252 2023 quem
1295 1961 1448 2008 reus

495 2041 689 2107 homo
732 2042 1045 2108 liberatus
1092 2052 1221 2128 est,
1762 2023 2041 2108 ΡῙὌΡῐθῑ·
2082 2024 2292 2109 illam,
2339 2045 2485 2108 ‹1¹¹ae
2531 2026 2895 2092 mamillam

1849 2128 1964 2192 tibi
2008 2127 2189 2193 dedit
2228 2130 2528 2214 parvule,
2582 2139 2591 2147 '

407 2228 760 2295 Metuende
802 2252 924 2296 rex
941 2280 959 2315 ,
1004 2232 1284 2299 defende
1616 2239 1655 2302 5
1760 2229 2213 2297 munimentum
2257 2241 2325 2298 et
2368 2241 2787 2317 augmentum

494 2350 617 2398 nos
661 2353 702 2399 a
743 2335 928 2401 malis
971 2338 1292 2419 omnibus,
1848 2344 1958 2401 tuo
2001 2344 2249 2422 praesta
2291 2340 2581 2425 popula·
2945 2342 3026 2406 20

409 2435 615 2503 redde
657 2439 866 2504 vicem
909 2439 1080 2506 hanc
1122 2442 1378 2508 felicem

495 2538 774 2606 Mariam
815 2543 1173 2610 colentibus
1192 2592 1210 2627 ‚
1760 2527 1996 2592 Pastor
2039 2527 2242 2611 bone,
2286 2547 2329 2592 a
2372 2528 2562 2593 leone

1847 2636 1991 2695 tuas
2036 2647 2198 2696 oves
2226 2631 2450 2697 -libera

410 2726 501 2795 Ut
537 2737 867 2793 restaures
913 2748 1060 2812 nos,
1106 2731 1253 2797 haec
1291 2750 1483 2797 aures
1763 2743 1830 2802 et
1873 2753 2018 2800 cum
2059 2734 2223 2818 illis,
2266 2735 2379 2817 qui
2420 2736 2485 2799 in
2532 2734 2712 2800 coelis

498 2841 642 2898 tuas
686 2834 901 2919 pulset
941 2836 1274 2920 precibus,
1575 2840 1657 2904 10
1842 2837 2169 2923 gaudent,
2215 2857 2336 2905 nos
2382 2838 2756 2905 adnumera.

411 2937 558 3003 haec
600 2946 916 3003 sustentet
960 2946 1026 3004 et
1068 2948 1421 3024 praesentet

496 3042 622 3107 tuis
660 3061 780 3107 nos
826 3047 1214 3131 aspectibus.
1762 3029 1962 3112 Pater,
2003 3030 2194 3115 (10⁰⁸,
2242 3028 2336 3094 fili
2382 3029 2575 3111 (¹0⁰⁸,
2634 3101 2639 3105 .
2951 3034 3029 3097 25

1037 3167 1042 3174 ·
1638 3175 1643 3180 -
1850 3134 2010 3200 deus
2056 3135 2223 3200 alma
2266 3136 2520 3200 trinitas
2536 3183 2553 3217 ,

409 3230 556 3298 Rex
598 3241 877 3318 aeterne,
927 3236 1037 3319 pio
1082 3256 1278 3303 cerne
1760 3259 1882 3324 per
1927 3246 2173 3304 aeterna
2215 3256 2339 3304 nos
2383 3242 2682 3322 guberna

498 3339 825 3423 supplices
869 3342 1098 3407 intuitu
1853 3342 2053 3407 saecla
2096 3340 2257 3407 deus
2300 3341 2569 3407 trinitas.

586 3523 681 3578 Hs,
716 3540 785 3578 zu
819 3521 1167 3591 Darmstadt,
1222 3520 1340 3577 alte
1375 3521 1482 3577 No.
1519 3522 1640 3577 845.
1687 3537 1790 3577 aus
1827 3520 1951 3576 dem
1985 3524 2054 3576 15
2088 3521 2285 3579 Jahrb.
2334 3522 2446 3577 und
2492 3520 2901 3579 Reichenauer
2939 3524 3026 3579 112

417 3607 521 3665 No.
555 3610 625 3664 36
662 3609 746 3664 Bl.
777 3612 879 3664 154
915 3610 1039 3684 (B).

586 3721 747 3790 Auch
794 3731 976 3788 dieses
1019 3732 1156 3789 Lied
1200 3732 1278 3788 ist
1323 3732 1436 3787 wie
1485 3731 1586 3788 das
1636 3733 1839 3806 voi-ige
1887 3734 1981 3788 ein
2026 3734 2255 3807 Auszug
2309 3750 2413 3790 aus
2463 3733 2583 3790 dem
2636 3733 3027 3808 Soliloquiun

410 3821 843 3895 soliloquiorum
880 3820 990 3876 und
1020 3837 1179 3876 zvar
1215 3836 1316 3876 aus
1353 3819 1515 3877 Theil
1550 3821 1613 3878 11.
1648 3820 1761 3878 Str.
1799 3822 2027 3878 37—43.

585 3947 623 3999 2
657 3943 868 4014 primus
904 3942 966 3998 Β.
1036 3942 1140 3997 Die
1174 3944 1212 3998 4
1245 3941 1648 3999 Schlussverse
1668 3943 1875 3999 ‘lauten
1911 3943 1971 3997 in
2008 3943 2053 3998 B
2094 3958 2196 3999 so:

658 4031 803 4103 Regi
836 4045 1042 4102 magno
1076 4030 1202 4086 laus
1238 4035 1300 4085 et
1334 4046 1502 4102 agno,
1921 4027 2237 4106 flaminique
2253 4069 2269 4101 ,
2305 4030 2400 4101 qui
2434 4029 2658 4101 utrique

658 4120 811 4191 patri
845 4126 1012 4190 atque
1049 4115 1198 4189 filio,
1923 4134 2154 4191 compar
2189 4123 2279 4175 est
2313 4115 2565 4191 imperio.

587 4258 653 4315 V.
687 4263 774 4315 21.
826 4259 949 4328 leo,
1006 4259 1107 4316 der
1141 4256 1365 4328 Teufel,
1420 4257 1477 4312 in
1512 4257 1707 4332 Bezug
1752 4256 1859 4314 auf
1897 4262 1927 4314 1
1966 4259 2127 4315 Petri
2161 4263 2213 4332 5,
2252 4260 2301 4316 8.
2388 4260 2466 4316 Er
2513 4258 2665 4315 wird
2702 4261 3029 4336 uberhaupt

414 4347 505 4402 ein
558 4347 727 4403 Thier
780 4353 1044 4420 genannt.
1133 4346 1371 4403 Nomine
1435 4345 1641 4402 bestiae
1712 4346 1970 4419 antiquus
2034 4347 2215 4404 hostis
2279 4346 2574 4420 accipitur.
2672 4348 2922 4424 Greyoe.
2972 4352 3032 4409 Ι.

418 4433 617 4489 moral.
651 4437 739 4504 27,
773 4435 861 4490 49.
932 4435 990 4492 S.
1027 4433 1132 4493 No.
1168 4436 1254 4506 79,
1288 4434 1374 4492 25.
1420 4431 1526 4491 Νο.
1560 4434 1652 4500 29,
1684 4436 1770 4490 25.
